4768 5894
947 581 1023 661 lul

186 783 281 852 iacies
302 785 453 853 denudata
473 793 509 852 nt
529 787 692 870 plurimum
713 787 866 865 moritur,
888 807 924 852 ao
940 793 1009 852 tum
1031 787 1168 866 demum
1196 807 1289 872 qnnm
1318 793 1476 871 separatur
1506 787 1618 854 lamina
1651 797 1788 856 emeram

187 917 220 974 st
240 917 401 994 postquam
422 917 563 992 separata
583 918 637 989 rat,
658 909 836 994 snppnreb'o
859 911 890 974 in
911 929 982 974 osse
1005 911 1170 976 exorditur.
1213 911 1249 976 ld
1275 919 1457 996 pemetaum
1486 919 1604 978 veteres
1624 913 1787 990 habebam

173 1051 281 1118 ¹sanare
301 1033 334 1098 in
357 1033 500 1102 aurmdis
520 1035 635 1100 ossium
656 1033 841 1104 laesionibus
862 1035 921 1098 boe
941 1035 1063 1101 unicum
1085 1035 1278 1115 spectabant,
1304 1041 1338 1100 at
1361 1033 1585 1101 extollationem
1606 1055 1787 1118 promovere

184 1155 349 1222 sarim
393 1157 508 1220 Verum
529 1157 690 1226 moturi
712 1163 848 1238 tempore
869 1158 972 1238 plures
995 1157 1146 1222 observati
1168 1167 1239 1222 suut
1260 1178 1357 1238 casus,
1380 1159 1411 1220 in
1433 1158 1542 1241 quibus
1554 1159 1648 1222 aces
1670 1159 1788 1224 ossium

184 1278 353 1347 beamine
374 1279 632 1360 munorum
658 1281 772 1346 mnam
799 1280 970 1362 sensimque
1000 1281 1217 1360 obtegebantur
1247 1281 1344 1344 aliave
1374 1281 1491 1346 ratione
1521 1281 1791 1363 consuescebant,

183 1423 276 1486 aprum
299 1409 389 1466 antea
409 1421 481 1466 vera
503 1403 653 1484 separatio
674 1403 814 1466 lamellae
836 1409 989 1466 emortuae
1011 1403 1043 1466 io
1066 1411 1259 1485 conspectum
1289 1423 1352 1468 non
1381 1405 1519 1468 venisset
1572 1405 1677 1488 ltaque
1707 1403 1789 1488 apud

183 1545 290 1590 omnes
318 1525 393 1590 baeo
422 1543 503 1591 nuno
523 1527 668 1606 temporis
694 1525 922 1606 catstopmio,
965 1525 1081 1591 ossium
1114 1526 1380 1606 decertationibus,
1414 1528 1542 1592 maxime
1565 1527 1597 1592 in
1615 1527 1787 1608 iuvenibus,

182 1651 265 1716 baud
285 1649 460 1715 necessarie
481 1648 622 1715 nemesin
642 1649 759 1723 minor
781 1647 911 1713 emolliri
932 1647 964 1710 in
985 1648 1038 1710 teli
1061 1668 1094 1712 re
1116 1649 1312 1717 murm
1333 1669 1467 1726 osseam,
1501 1651 1582 1716 vasis
1597 1651 1711 1734 instrm
1732 1669 1786 1716 oo·

184 1773 363 1854 pesssimis
395 1781 428 1838 et
456 1774 566 1840 exinde
593 1771 718 1854 pennus
751 1789 788 1838 aa
814 1777 916 1852 penes
945 1771 1053 1836 molles
1080 1791 1149 1838 sese
1175 1772 1303 1852 babere,
1336 1773 1498 1838 enchiridia
1530 1772 1641 1837 docent
1673 1774 1785 1838 omnia.

184 1897 301 1962 Verum
323 1897 491 1966 muratus
512 1894 884 1979 neumasqaomouo
907 1893 1053 1976 emollitis
1074 1893 1136 1972 illa,
1165 1915 1243 1978 quae
1265 1915 1332 1961 esse
1353 1903 1493 1977 putatur,
1519 1896 1647 1980 primum
1669 1897 1785 1974 existat,

184 2039 313 2103 prorsas
333 2021 422 2097 idem,
444 2021 526 2104 quud
549 2019 580 2088 in
601 2017 721 2085 nemesi
744 2019 777 2083 iit
799 2037 836 2078 ea
857 2023 958 2098 parte,
987 2036 1048 2100 qua
1076 2019 1178 2082 vivum
1207 2025 1434 2101 emormumque
1456 2039 1492 2084 os
1514 2019 1592 2082 inter
1612 2039 1646 2084 se
1669 2020 1785 2084 contin·

186 2150 267 2225 gnnt,
288 2145 352 2208 illio
372 2163 494 2228 quoque
517 2143 582 2207 beri
604 2140 828 2222 oogaoaaimum
845 2140 943 2207 immo
965 2139 1054 2204 etiam
1076 2141 1127 2204 ubi
1150 2141 1304 2206 extoliatio
1326 2141 1463 2206 sensibus
1486 2143 1671 2225 percipiatur
1691 2142 1784 2219 nulla,

187 2272 288 2332 umen
306 2287 348 2332 ne
367 2269 418 2332 bio
440 2267 559 2350 quidem
582 2261 907 2346 promusslesiderari,
929 2263 1007 2326 inira
1030 2263 1310 2329 demonstrabimus.

345 2390 407 2452 Sed
425 2392 490 2470 jam
512 2390 552 2454 ad
574 2386 802 2454 decoribmdum
824 2385 989 2453 stantionis
1010 2405 1188 2467 processum
1210 2385 1309 2464 abeo,
1330 2405 1366 2450 aa
1395 2387 1525 2467 primum
1547 2387 1667 2470 quidem
1689 2407 1784 2470 expo-

186 2531 265 2590 nam,
287 2513 407 2596 qualem
428 2512 481 2578 ille
501 2531 569 2576 sese
590 2511 740 2592 praebeat,
762 2531 855 2592 quum
878 2509 1101 2577 mnitmtaast
1127 2509 1263 2574 necrosis
1292 2515 1323 2574 et
1350 2510 1516 2594 conspicua
1545 2510 1715 2588 exloliatio,
1748 2529 1784 2573 ac

188 2635 258 2698 dein
279 2653 368 2698 cem
390 2653 452 2710 eos,
476 2635 506 2696 in
527 2633 637 2716 quibus
658 2632 813 2701 extollatis
836 2631 1002 2694 medenti
1021 2631 1147 2707 videtur,
1170 2632 1337 2704 apmrab'os
1359 2633 1559 2712 perlustrabo.

345 2755 461 2818 Notum
482 2764 537 2830 est,
557 2773 631 2818 vase
651 2771 816 2817 numerosa
835 2771 875 2814 ex
896 2752 1048 2832 periosteo
1070 2751 1102 2814 in
1124 2771 1161 2814 oa
1194 2752 1369 2829 manumitti,
1402 2773 1479 2834 quae
1509 2755 1625 2830 omnia,
1660 2756 1686 2815 si
1709 2753 1784 2816 illuri

187 2881 227 2946 ab
248 2897 319 2942 esse
341 2885 504 2958 asperatur,
527 2875 747 2950 ebrudunum
769 2881 888 2941 manat
908 2879 1072 2954 praeterea,
1095 2873 1202 2936 lumen·
1219 2873 1351 2952 cujusvis
1373 2875 1454 2939 uasis
1476 2876 1623 2940 vinnerati
1647 2877 1784 2941 thrombo

186 3023 285 3086 uque
306 3003 346 3064 art
367 3019 484 3064 ramum
506 2999 676 3081 proximum
708 2997 864 3063 lateralem
886 2995 1053 3073 obliterari,
1081 2996 1224 3078 ipsosque
1246 3015 1347 3062 ramos
1369 2997 1524 3074 laterales,
1544 2997 1572 3063 si
1595 2997 1693 3078 exigui
1716 3009 1785 3060 suunt

187 3135 219 3190 et
239 3143 340 3208 prope.
358 3124 461 3188 locum
481 3123 672 3190 uulneratum
693 3121 910 3205 ueniamus,
926 3119 1100 3183 continuato
1124 3119 1261 3185 mmmm
1284 3119 1392 3200 partim
1415 3119 1464 3183 vel
1487 3127 1568 3184 totos
1590 3119 1705 3202 expleri
1722 3120 1783 3196 (Ι).

188 3248 371 3314 Recordenti
393 3253 499 3322 autem,
522 3245 647 3328 quodin
669 3244 766 3326 prima
787 3243 877 3322 bajus
899 3241 1039 3323 opusculi
1060 3241 1193 3308 sectione
1216 3241 1253 3304 de
1276 3251 1426 3308 structura
1448 3243 1561 3306 ossium
1584 3262 1785 3326 vasorumque

188 3375 222 3438 in
242 3373 279 3436 ἰὴ
301 3370 497 3452 dispositione
519 3367 688 3449 expositum
710 3355 766 3442 eat,
793 3371 933 3448 apparet,
962 3363 1114 3429 denudato
1141 3365 1324 3447 omninoque
1352 3365 1437 3430 laeso
1460 3385 1530 3430 osse
1552 3366 1705 3446 sauguinis
1728 3367 1786 3428 cir-

189 3496 369 3562 culationem
392 3495 422 3556 ib
445 3499 541 3556 sueto
560 3491 686 3569 entim
717 3487 825 3558 ειῑιειιι
858 3507 954 3571 usqae
977 3487 1015 3552 ad
1037 3487 1193 3568 proximos
1216 3488 1401 3555 senalioulos
1424 3489 1603 3556 medullarcs
1626 3509 1643 3550 e
1666 3497 1785 3552 conna-

186 3621 235 3684 rio
257 3623 479 3701 prosumnus
499 3633 626 3695 portus
649 3613 729 3689 tollit
751 3613 833 3679 unde
853 3611 941 3677 facile
963 3609 1150 3690 intelligitur,
1178 3610 1230 3692 qui
1252 3611 1320 3688 fiat,
1348 3617 1381 3674 ut
1404 3619 1463 3675 taur
1486 3613 1657 3694 frequenter
1678 3631 1785 3672 necro-

189 3743 234 3808 sis
252 3743 285 3804 ἰ
306 3740 425 3806 assibus
446 3737 539 3802 laesis
557 3737 676 3802 existet
706 3735 860 3803 ‚Attamen
878 3733 963 3796 baud
982 3741 1139 3814 perpetuo,
1159 3731 1313 3811 sauguinis
1336 3733 1448 3794 effluxu
1470 3732 1614 3808 cohibito,
1636 3733 1694 3794 boc
1720 3731 1784 3794 ficri

190 3868 312 3945 mejam
334 3863 440 3936 elucet,
461 3859 673 3941 incolumnes
695 3855 853 3930 laesiones,
875 3873 950 3935 qaas
973 3853 1048 3930 dixi,
1077 3873 1134 3933 per
1160 3853 1286 3932 prienam
1313 3853 1506 3916 intentionem
1528 3853 1628 3914 sanari
1650 3863 1786 3933 possunt.

188 3989 332 4071 Scepsim
351 3981 637 4062 vilamorganieam
671 3979 783 4062 absque
810 3977 899 4050 etiem
925 3977 1084 4043 humorum
1097 3999 1100 4011 ·
1113 3975 1307 4040 circulatione
1321 4027 1324 4034 .
1340 3995 1395 4055 per
1427 3976 1611 4060 aliquantum
1644 3977 1787 4057 temporis

189 4111 356 4194 pererrare
377 4124 481 4188 posse3
504 4107 546 4168 ita
568 4113 603 4172 ut
621 4100 926 4185 spatiumpouoddaua
950 4099 1086 4162 relictum
1110 4099 1148 4163 sit
1170 4105 1303 4173 naturae,
1326 4097 1511 4162 resorbendo
1541 4097 1679 4165 thrombo
1702 4101 1787 4164 elliu·

188 4233 356 4317 geniisqae
376 4231 464 4294 nuris
485 4229 565 4311 vasis
587 4225 810 4293 circulationem
833 4222 1018 4288 restituendi.
1061 4223 1174 4287 Verum
1203 4229 1237 4287 ut
1266 4221 1325 4284 vita
1356 4221 1498 4300 organica
1520 4225 1693 4293 conservari
1713 4245 1786 4306 pos-

189 4360 248 4434 sit,
281 4361 383 4436 putes
411 4350 739 4432 commensusque
760 4347 897 4429 partibus
916 4347 993 4411 vivis
1013 4346 1215 4411 droumdatae
1249 4351 1278 4406 et
1311 4349 1450 4426 tanquam
1472 4347 1693 4428 ¹atrnospbeera
1719 4348 1788 4410 vira

190 4475 613 4544 scansamsintneoesse
635 4480 696 4549 este
720 4471 750 4537 iu
772 4469 855 4554 quod
878 4467 1049 4542 repuieudis
1076 4467 1211 4548 partibus
1240 4466 1331 4530 laesis
1362 4466 1499 4532 efficitur.
1543 4469 1647 4555 ltaque
1669 4470 1695 4534 si
1718 4489 1788 4534 ossa

191 4601 342 4665 amulam
362 4597 411 4660 vel
433 4595 567 4677 albavia
582 4595 692 4671 ,laeam
725 4613 789 4660 noa
817 4589 958 4674 repositis
987 4590 1123 4671 partibus
1144 4589 1301 4670 mollibus,
1334 4607 1391 4674 per
1417 4589 1543 4672 ‚longius
1575 4598 1691 4672 tempus
1719 4611 1787 4654 omn

258 4878 272 4903 ''
353 4891 395 4964 (1)
416 4897 452 4946 Εἰ.
472 4875 635 4956 scirtius,
653 4882 831 4956 riieiliidung
853 4895 909 4944 umal
926 4893 1136 4957 Metamorpbose
1161 4893 1207 4941 aies
1234 4891 1369 4940 tbronrbus
1389 4893 1417 4940 tn
1436 4891 1582 4938 serietatem
1601 4877 1787 4957 Blutgrflireb.

194 4989 324 5044 musaea
343 4985 422 5037 18³4.
872 4983 875 4990 '
1767 5003 1770 5008 ·
