4784 5894
941 552 1016 634 12!

168 761 309 844 partibus
323 761 487 836 -adbaarat3
513 761 618 843 primia
640 761 746 826 diebus
769 761 851 826 anas
869 763 939 842 eius
963 760 1111 838 laciniatl,
1133 761 1218 826 initio
1240 761 1424 827 fimbriarum
1454 761 1586 827 adinstar
1612 761 1715 828 locum
1738 762 1783 826 in-

168 887 299 948 ductum
324 906 432 950 versus
459 887 613 968 suenoni,
641 886 741 952 adbuc
769 885 1006 966 cunctantia,
1037 887 1092 951 set
1121 887 1171 952 die
1194 889 1259 966 jann
1287 887 1377 950 tertio
1406 885 1544 967 dignosci
1564 905 1627 950 nou
1651 886 1779 968 amplius

169 1017 315 1090 passuum
337 1010 523 1092 pericsteum
543 1009 724 1086 intnurescit
749 1017 839 1092 atque
862 1029 931 1078 casm
954 1010 1014 1076 tals
1038 1009 1185 1076 cellulum
1207 1010 1410 1092 musculisque
1433 1010 1465 1074 in
1492 1029 1624 1076 massam
1645 1009 1782 1086 solidam,

170 1133 335 1216 aequalem,
359 1134 565 1212 rubicundam,
588 1133 754 1212 eleatiuamr
772 1153 852 1216 quae
874 1142 1023 1200 murorum
1045 1135 1202 1218 aequalem
1224 1133 1379 1210 olivarum,
1402 1133 1779 1199 lractrrraecircusrdatum

170 1259 289 1334 format,
312 1257 551 1338 conglutinatur,
582 1269 681 1340 neque
709 1257 846 1338 singulae
868 1257 945 1320 telae
968 1257 1046 1322 inter
1072 1277 1107 1322 se
1137 1259 1278 1338 distingui
1307 1267 1445 1338 possunt.
1490 1257 1629 1320 Medulla
1645 1231 1781 1339 ,quoque

169 1381 298 1462 spissior
318 1381 367 1458 lit,
389 1381 493 1446 colors
515 1381 611 1461 magns
633 1381 750 1456 albidn,
780 1387 870 1463 atque
893 1380 1004 1444 uetus
1026 1381 1090 1444 ossi
1113 1381 1268 1456 adbaeret;
1296 1382 1467 1464 sensimque
1496 1401 1534 1444 ex
1557 1400 1594 1442 en
1615 1379 1780 1442 substantia

169 1504 346 1582 rubicunda,
367 1505 484 1582 mollis,
513 1503 741 1585 semipelluoida
762 1504 897 1584 prosilit,
916 1523 1007 1586 ,quae
1032 1505 1119 1569 faciei
1141 1505 1298 1582 infractae,
1326 1507 1455 1568 manduc
1483 1504 1610 1586 margini
1631 1504 1696 1566 tubi
1718 1523 1780 1568 me

170 1627 305 1706 dullsris,
328 1627 441 1692 arctius
461 1627 654 1706 ndlraerescit,
677 1647 713 1690 ac
736 1635 908 1708 postremo,
940 1634 1011 1708 pust
1037 1628 1117 1691 diem
1147 1629 1291 1711 quintum,
1313 1649 1381 1692 cum
1403 1629 1538 1710 partibus
1560 1628 1703 1692 mollibus
1726 1647 1778 1690 ex-

170 1753 264 1816 umis
286 1751 438 1816 malascit.
483 1753 550 1814 llac
570 1751 662 1834 igitur
683 1752 800 1814 radone
823 1751 950 1832 capsula
974 1752 1129 1832 effingitur
1156 1754 1318 1816 fracturam
1342 1753 1472 1833 cingens,
1494 1772 1587 1834 quae,
1616 1771 1685 1820 cum
1707 1750 1778 1816 snb·

169 1876 279 1940 umbe
300 1893 339 1945 ex
362 1873 497 1938 medulla
518 1876 655 1956 prolecta
679 1883 761 1938 arcte
784 1876 965 1952 cohaerens,
994 1875 1131 1956 singulos
1153 1876 1229 1938 lines
1251 1877 1395 1940 infractos
1418 1876 1558 1952 introlvit,
1587 1875 1627 1937 itn
1649 1875 1777 1958 quidem,

169 2007 203 2062 ut
231 1998 398 2062 membrum
422 2001 488 2078 jam
517 1999 688 2062 firmitatum
716 1999 847 2081 aliquam
877 1998 1077 2063 nanciscatur.
1122 2000 1184 2082 lpsi
1207 2001 1283 2064 tinas
1305 2001 1470 2077 maurae,
1499 1999 1601 2082 quoad
1624 1998 1777 2079 periostec

170 2123 312 2186 denudati
334 2128 419 2198 sum,
449 2121 540 2204 plane
560 2141 625 2186 uon
647 2122 760 2200 nsuuti,
782 2121 889 2204 glabri,
911 2131 1071 2202 apparenu
1100 2122 1211 2203 spatia,
1242 2141 1320 2206 quae
1349 2123 1496 2186 intersunt
1516 2123 1595 2186 inter
1616 2141 1653 2186 us
1675 2127 1705 2184 et
1726 2139 1777 2184 ca·

168 2247 300 2326 punam,
334 2252 368 2310 ut
400 2245 515 2323 omnia,
546 2265 614 2328 ‚qua
645 2263 742 2312 vacua
776 2244 814 2308 ab
845 2246 904 2310 lrac
939 2245 1163 2328 uinqumur,
1204 2247 1298 2312 fluido
1333 2247 1465 2328 quodam
1504 2246 1688 2322 rubicundo,
1729 2244 1775 2305 vi-

169 2370 254 2432 soido
276 2369 392 2451 repleta
414 2378 498 2445 sunt,
528 2377 618 2451 atque
646 2369 796 2451 margines
817 2369 880 2434 loci
901 2369 1035 2446 utineam
1065 2369 1165 2433 demto
1187 2369 1354 2434 substantia
1375 2369 1461 2434 molli
1490 2369 1683 2446 adhaerente,
1712 2385 1774 2432 nun

168 2493 266 2556 minus
289 2500 394 2556 acutae
417 2501 447 2556 et
475 2493 601 2558 scabrae
629 2501 791 2575 apparent,
820 2513 910 2576 quam
939 2493 1038 2558 statim
1069 2501 1139 2575 post
1166 2495 1342 2572 tracturam,
1365 2514 1472 2578 ‚neque
1502 2493 1653 2558 emollitae
1676 2508 1775 2574 neque

168 2624 324 2700 morptae
346 2623 426 2680 sunt.

692 2829 729 2892 ll.
769 2827 916 2891 Prioris
940 2826 1036 2888 calli
1054 2793 1256 2889 termule.

327 2989 366 3050 Ut
389 2996 469 3050 recte
492 2987 675 3066 intelligatur
696 2986 793 3068 prima
814 2985 884 3048 calli
907 2986 1010 3066 orgo,
1040 3003 1128 3068 qulam
1160 2985 1290 3048 maxims
1311 2985 1531 3066 respiciendum
1554 2991 1615 3060 est,
1643 2983 1770 3064 superti-

168 3113 245 3174 ciem
267 3111 371 3174 duum
394 3113 558 3174 lractnrum
588 3131 606 3172 a
636 3110 788 3190 pedosteo
817 3109 998 3172 denudatam
1027 3129 1106 3181 esse;
1140 3109 1239 3192 quod,
1272 3129 1341 3172 curn
1364 3111 1517 3192 sanguinis
1544 3110 1688 3172 allianum
1714 3109 1771 3170 hac

167 3243 252 3316 parte
273 3235 445 3316 prohibeat,
473 3235 602 3300 maxime
631 3233 843 3314 impedimento
873 3253 940 3296 esse
971 3239 1107 3313 oportet,
1138 3251 1199 3314 quc
1228 3232 1328 3298 minus
1355 3253 1390 3298 os
1418 3234 1626 3298 inflammabar.
1671 3234 1770 3314 llujna

167 3371 264 3422 utitem
288 3359 498 3422 denudationis
521 3357 581 3420 alia
604 3365 649 3420 est
671 3358 748 3420 ratic
771 3358 803 3420 iu
826 3357 892 3420 aliis
916 3357 1071 3430 irretiaris,
1095 3356 1155 3418 alin
1171 3357 1207 3418 in
1225 3357 1344 3422 duobus
1367 3358 1539 3440 fragmentis
1560 3357 1697 3439 ejusdem
1719 3377 1770 3422 os·

167 3485 208 3546 sis
230 3484 323 3558 fracti,
346 3482 408 3544 imo
430 3481 515 3544 varia
536 3482 568 3544 iu
589 3482 681 3544 variis
705 3481 842 3560 ejusdem
862 3480 1020 3560 fragmenti
1043 3479 1192 3561 partilium
1222 3501 1300 3564 quae
1321 3482 1450 3546 variatas
1473 3483 1573 3564 posita
1594 3489 1640 3548 est
1661 3481 1769 3563 partim

165 3608 197 3668 iu
220 3607 312 3670 modo
334 3613 364 3666 et
385 3606 481 3685 gradu
503 3604 725 3682 dislocationiS,
753 3606 862 3686 partim
884 3605 916 3668 in
938 3604 1083 3684 singulari
1105 3604 1219 3668 ossium
1243 3605 1482 3682 combinationes
1510 3607 1556 3670 sic
1578 3606 1651 3670 tibia
1674 3609 1769 3671 tracta

166 3731 249 3792 omni
272 3737 407 3810 tempore
427 3729 688 3792 minusdenndata
701 3735 820 3803 craten,
844 3747 904 3810 qun
926 3727 1020 3790 tibula
1042 3729 1202 3806 procurrit,
1225 3727 1354 3792 mantne
1375 3736 1409 3792 ut
1430 3729 1600 3812 plurimum,
1623 3751 1682 3813 qua
1697 3749 1769 3798 ossa

165 3853 222 3916 sibi
243 3852 475 3934 superimposita
496 3861 590 3914 erunt.

323 3977 368 4038 Eo
392 3983 485 4058 parte,
508 3995 567 4058 qua
591 3974 773 4054 periosteum
802 3973 864 4036 ossi
896 3973 992 4034 adbuc
1021 3972 1166 4048 inluserat,
1197 3972 1382 4055 propiusque
1412 3975 1464 4037 sd*
1481 3975 1643 4052 articulos,
1672 3979 1768 4060 pruna

165 4101 235 4162 calli
261 4099 345 4164 initis
375 4109 529 4182 apparent
551 4135 556 4148 =
580 4098 682 4162 Primo
711 4102 781 4178 post
810 4098 971 4160 fracturam
1002 4105 1138 4178 tempore
1166 4096 1205 4158 ibi
1235 4096 1419 4177 pem'osteum
1447 4099 1626 4179 arutissinae,
1655 4104 1766 4168 arctius

165 4224 366 4306 enumquam
388 4223 554 4286 secundum
575 4231 728 4298 naturam,
760 4221 822 4286 ossi
846 4221 1056 4294 adhaerebam.
1074 4241 1145 4284 mox
1167 4241 1242 4284 vern
1263 4221 1362 4284 laxius
1390 4223 1566 4302 adjunctum
1594 4229 1766 4308 apparebat,

165 4357 254 4430 atque
277 4347 365 4412 tertio
389 4347 437 4410 dic
449 4348 557 4426 exigua
568 4346 658 4428 cupis
669 4345 855 4410 ubstantiae
869 4345 1063 4420 rubicundae,
1081 4345 1267 4425 ¹pellucidae,
1290 4345 1475 4408 aemiliuidae
1488 4346 1676 4430 interipsum
1689 4359 1766 4417 etos

165 4473 259 4534 effusa
282 4469 530 4549 conspiciebatur,
553 4489 631 4553 quae
654 4470 761 4536 diebus
782 4468 1008 4552 insequentibus
1031 4469 1125 4548 magis
1147 4468 1285 4530 minusve
1304 4469 1471 4550 augebatur
1481 4477 1512 4534 et
1522 4473 1653 4553 spissior
1664 4477 1764 4539 fiebat.

164 4595 366 4666 Periostcum
388 4591 458 4656 inde
481 4592 519 4654 ab
542 4593 674 4658 articulis
697 4613 803 4658 versus
826 4599 940 4674 partem
963 4591 1121 4654 infractam
1144 4591 1182 4654 ab
1206 4609 1276 4654 osse
1299 4569 1386 4656 canta
1408 4603 1596 4678 separatum,
1624 4599 1764 4662 facillima

166 4719 204 4782 ab
227 4716 281 4780 illu
303 4715 468 4780 substantia
490 4716 661 4790 sementen
684 4719 759 4780 baec
780 4717 846 4798 ipsa
868 4715 946 4780 neus
968 4714 1140 4796 superficiei
1162 4715 1274 4778 arctius
1297 4715 1467 4797 adjacebat,
1494 4738 1594 4802 nsque
1614 4721 1705 4784 simul
1727 4724 1764 4785 ab

165 4863 201 4910 ea
223 4839 448 4922 mjungebatur.
491 4841 568 4902 Post
587 4839 706 4900 tertium
724 4840 789 4918 jam
812 4839 892 4902 diem
913 4857 987 4902 vasa
1009 4837 1187 4918 conspicue,
1218 4859 1320 4904 massa
1340 4841 1501 4904 cinnabare
1524 4841 1616 4906 fincta
1642 4845 1764 4927 repleta,

165 4967 195 5032 iu
218 4965 271 5028 illa
293 4963 459 5030 susbstantia
480 4961 648 5042 gelationes
669 4960 807 5042 dignosci
828 4969 984 5043 poteram,
1011 4981 1107 5046 mqtte
1136 4969 1197 5026 tarn
1218 4983 1288 5028 cum
1310 4979 1491 5048 essequam
1514 4985 1584 5029 cnm
1610 4968 1763 5050 perium
