4812 5892
1370 503 1450 578 2⁸24

608 723 724 792 rantur,
754 713 871 796 expleri
894 712 981 774 lacile
1003 717 1132 792 possunt
1154 729 1192 772 ex
1214 710 1271 790 iis,
1294 731 1372 794 quae
1395 711 1469 776 alias
1492 711 1531 776 de
1552 714 1672 778 necrcai
1695 712 1853 777 observata
1873 723 1955 776 eunt.
2000 713 2146 794 Separata
2166 718 2210 774 at-

608 859 667 923 que
697 841 793 919 ejecta
821 843 907 918 parte
928 836 1007 899 ossis
1029 842 1167 896 emortua
1187 836 1319 896 saturum
1335 836 1455 913 suisset,
1484 843 1518 898 ut
1540 855 1575 900 os
1598 837 1788 918 suppositum
1810 835 2068 927 granulatiouibns
2090 834 2211 916 obtege-

609 970 710 1038 retur,
738 981 816 1044 qnae
839 965 1045 1022 accrescentes
1068 959 1100 1020 iu
1122 957 1326 1038 cartilaginem
1349 977 1527 1041 ossuumque
1550 960 1744 1022 substantiam
1766 960 1922 1042 paullatim
1944 959 2086 1022 abiissent
2106 957 2148 1019 ad
2169 959 2211 1020 ei·

608 1084 780 1166 tingendum
808 1084 856 1160 id,
886 1081 970 1164 qnod
993 1081 1135 1144 callum
1157 1081 1355 1144 seriorem
1372 1072 1519 1160 dicimus,
1548 1083 1727 1167 tandemque
1750 1105 1819 1146 cnm
1840 1082 1974 1166 partibus
1996 1081 2135 1163 proxime
2156 1099 2213 1162 pc·

610 1210 674 1272 sitis
697 1207 847 1271 coiissent.

768 1332 837 1394 lloe
863 1336 961 1391 antem
984 1328 1098 1408 ipsum,
1125 1327 1209 1409 quod
1230 1333 1332 1409 partes
1355 1327 1591 1408 fragmentorum
1613 1348 1632 1389 a
1654 1329 1806 1409 periosteo
1830 1328 1997 1392 denudatae
2020 1329 2051 1389 in
2073 1326 2214 1390 necmsin

612 1455 733 1531 abeunt,
767 1452 968 1516 accusandum
999 1451 1127 1512 maxime
1156 1451 1289 1526 videtur,
1328 1470 1383 1511 cur
1411 1451 1561 1531 chirurgia
1588 1452 1721 1533 practica
1749 1452 1780 1513 in
1811 1452 1951 1514 fracturis
1981 1449 2214 1531 suppurantibus

610 1579 720 1642 malam
749 1597 816 1640 esse
845 1574 1012 1658 prognosin
1034 1572 1072 1634 ab
1095 1573 1180 1635 initio
1203 1592 1298 1655 usque
1320 1573 1524 1654 proposuerit.
1568 1573 1649 1636 Nam
1671 1584 1705 1636 ut
1726 1577 1786 1637 hoo
1807 1575 2054 1655 praetermittam,
2082 1573 2215 1654 priorem

611 1705 699 1766 etiam
728 1701 838 1762 callum
869 1699 900 1760 iu
930 1696 1040 1759 talibus
1063 1697 1201 1758 fracturis
1225 1695 1321 1758 multo
1344 1695 1454 1758 leutius
1477 1696 1659 1777 procedere,
1688 1698 1817 1780 indeque
1838 1718 1902 1760 nou
1924 1696 2108 1774 tam'lacile,
2138 1714 2216 1778 quae

611 1829 640 1888 iu
654 1832 782 1905 utroque
794 1825 959 1902 fragmento
972 1825 1144 1896 nascuntur,
1167 1819 1390 1894 intersecolre,
1405 1853 1445 1866 -
1470 1819 1566 1881 callus
1589 1821 1700 1896 serior,
1723 1821 1776 1904 qui
1797 1821 1925 1885 maxime
1949 1820 2047 1894 allicit,
2069 1826 2104 1884 ut
2124 1819 2216 1880 firmi-

612 1959 659 2010 ter
681 1951 846 2026 lragmeuta
869 1944 947 2004 iuter
968 1962 1002 2004 se
1024 1943 1212 2017 cohaereant,
1236 1941 1332 2002 donec
1354 1941 1513 2004 secesserit
1533 1944 1678 2020 nemesis,
1700 1963 1827 2024 prorsus
1849 1963 1913 2006 unu
1924 1942 2089 2006 exorditur.
2134 1943 2217 2004 llaec

615 2080 714 2134 antem
742 2066 894 2148 separatio
925 2084 1016 2146 saepe
1044 2084 1115 2126 sero
1146 2064 1308 2126 admodum
1337 2065 1508 2145 perficitur;
1538 2067 1677 2128 formatio
1704 2067 1832 2148 partium
1855 2065 2005 2142 mollium,
2034 2064 2218 2128 substantiae

613 2196 727 2258 scilicet
754 2190 961 2264 intermediae,
991 2188 1086 2266 magis
1116 2187 1285 2267 magisque,
1316 2188 1385 2248 dum
1414 2187 1549 2266 separari
1580 2195 1677 2250 cessat
1703 2189 1839 2252 necrosis
1866 2189 2018 2269 procedit,
2040 2209 2119 2271 quae
2141 2189 2219 2249 iuter

613 2323 848 2400 fragmentorum
867 2315 942 2373 fines
954 2309 1147 2390 interpositae
1159 2309 1316 2370 travolucra
1329 2311 1472 2389 effirrguut
1484 2311 1585 2386 densa,
1607 2311 1825 2386 membranosa,
1837 2313 1912 2373 lines
1925 2313 2036 2373 lractos
2047 2313 2119 2374 satis
2136 2321 2218 2374 arde

616 2441 779 2522 cingentiaa
802 2444 835 2498 ut
858 2437 890 2495 iu
911 2439 1021 2514 quarto
1040 2432 1245 2512 experimento
1268 2432 1406 2495 vidimus.
1451 2434 1587 2494 Perleeta
1610 2434 1698 2513 igitur
1719 2435 1929 2510 exsultatione,
1951 2453 2028 2515 qnae
2050 2455 2131 2496 natue
2153 2443 2219 2497 tan-

616 2567 684 2628 dem
706 2559 867 2642 prosiliunt
888 2554 1127 2636 granulationos,
1161 2553 1247 2614 brevi
1269 2573 1337 2615 cum
1359 2555 1405 2616 uis
1428 2554 1592 2618 involucris
1614 2556 1802 2630 coalescunt;
1832 2565 1988 2637 praeterea
2017 2557 2220 2632 milammatio,

617 2695 722 2770 utpote
735 2685 802 2748 sola
814 2679 934 2767 neerosi
947 2677 1043 2737 adlruc
1054 2676 1133 2751 alita,
1157 2694 1228 2736 mox
1251 2683 1348 2738 cessat
1371 2682 1460 2758 atque
1484 2678 1663 2740 cieatrisatio
1687 2679 1798 2752 existit;
1820 2679 1920 2761 itaque
1943 2699 2005 2742 nou
2026 2680 2127 2743 solum
2148 2683 2221 2743 snb-

616 2811 742 2876 stantiae
761 2809 880 2885 jactura
902 2802 944 2876 lit,
966 2799 1020 2862 sed
1044 2798 1160 2861 tollitur
1182 2799 1272 2860 etium
1293 2798 1332 2873 id,
1353 2819 1390 2861 ex
1414 2819 1475 2880 quo
1499 2811 1693 2880 regeneretur
1714 2801 1968 2864 substautiaossis
1981 2805 2097 2865 amissa.
2143 2805 2221 2866 lliuc

615 2930 1010 3006 nutossenlrngrncntnrum
1030 2923 1172 3001 junctura
1195 2921 1264 2982 solo
1288 2921 1368 2983 callo
1392 2923 1494 3002 priore
1517 2924 1677 3002 perficitur,
1701 2945 1761 3006 quo
1782 2926 1822 3001 lit,
1845 2933 1878 2986 ut
1900 2945 2005 3005 parum
2018 2928 2222 2992 tirmaeorum

616 3054 790 3136 conjunctio
813 3051 865 3122 sit;
889 3055 940 3109 aut
962 3045 1126 3107 involucris
1150 3051 1263 3107 tantum
1288 3044 1587 3108 libroso-cellulosis
1608 3048 1775 3126 fragmenta
1798 3049 1995 3125 continentur,
2017 3051 2222 3134 spuriumque,

617 3200 706 3263 quem
728 3179 847 3248 cocant,
870 3168 1026 3230 articulum
1050 3174 1244 3246 componunt.

777 3298 823 3358 Ex
845 3293 958 3374 paucis,
981 3309 1058 3372 quae
1081 3289 1201 3364 institui,
1224 3291 1444 3370 experimentis,
1467 3299 1550 3354 certo
1574 3293 1694 3375 quidem
1717 3294 1898 3356 concludere
1910 3315 1973 3356 uon
1990 3297 2097 3374 audeo,
2119 3311 2222 3380 partes

618 3428 851 3505 fragmentorum
864 3415 1015 3496 periosteo
1029 3413 1201 3485 derrodaus,
1218 3421 1365 3493 quatenus
1377 3435 1452 3495 pure
1466 3414 1624 3493 alluantur,
1640 3425 1786 3496 perpetuo
1800 3417 1903 3491 emori,
1926 3424 2015 3500 atque
2027 3419 2223 3487 doctrinama

619 3543 796 3613 Gendriu
824 3537 1024 3621 propositam,
1056 3534 1231 3596 emolliri
1260 3535 1327 3597 lias
1358 3545 1506 3616 partes,
1535 3538 1572 3600 lu
1602 3539 1717 3600 telam
1748 3540 2000 3602 rubicundam
2024 3549 2163 3608 mutari
2187 3558 2223 3611 et

618 3689 736 3757 granu
745 3647 956 3728 lationibus
979 3658 1118 3737 obtegi,
1140 3677 1266 3737 prorsus
1279 3659 1435 3721 refutatam
1447 3679 1523 3722 esse.
1569 3665 1655 3742 Quae
1671 3663 1749 3723 enim
1761 3662 1852 3726 allata
1863 3674 1932 3728 sunt
1944 3667 1981 3728 ab
1993 3669 2051 3730 lroc
2067 3671 2223 3752 scriptore,

618 3919 683 3992 niti,
703 3917 782 3987 licet,
804 3909 905 3992 qualia
926 3905 1044 3978 luerint,
1068 3905 1104 3964 ab
1128 3924 1165 3966 eo
1188 3924 1250 3966 nou
1275 3906 1454 3985 expositum.
1500 3909 1658 3971 Praeterea
1681 3910 1885 3990 experimenta
1907 3933 1973 3974 ruca
1985 3917 2104 3978 nonnisi
2128 3919 2158 3979 iu
2171 3941 2225 3982 cu-

621 4037 746 4110 niculis,
775 4039 805 4093 et
834 4029 954 4111 quidem
985 4026 1109 4102 adultis,
1138 4026 1271 4094 instituta
1301 4047 1399 4108 rrcqare
1428 4029 1501 4090 satis
1530 4031 1622 4091 multa
1651 4039 1738 4108 snut,
1766 4053 1857 4115 quam
1880 4043 1914 4097 ut
1941 4045 2118 4119 perpetuumu
2142 4046 2226 4126 quod

623 4168 705 4226 certo
737 4175 776 4218 ex
803 4154 838 4215 iis
876 4150 979 4230 colligi
1005 4157 1106 4230 queat.
1162 4149 1302 4210 Attamen
1332 4150 1373 4210 ita
1395 4170 1432 4211 ea
1455 4171 1546 4232 quum
1577 4154 1654 4216 inter
1675 4175 1724 4230 ee,
1755 4162 1817 4218 tum
1841 4159 1964 4222 omnino
1988 4181 2055 4224 oum
2078 4164 2122 4242 ils,
2147 4187 2226 4247 qnae

624 4285 698 4348 alias
721 4281 759 4340 de
782 4275 1014 4338 inflammatione
1038 4273 1151 4338 ossium
1175 4279 1262 4334 acuta
1284 4273 1452 4350 observavi,
1476 4276 1653 4353 concinunt,
1676 4284 1708 4339 ut
1731 4299 1793 4341 uon
1815 4281 1929 4361 possim
1950 4285 2023 4365 quin
2046 4286 2084 4347 de
2107 4289 2227 4352 emolli·

623 4409 706 4470 tione
733 4401 788 4462 illa
817 4405 905 4479 atque
935 4369 1176 4470 intumescentia,
1206 4415 1295 4476 quam
1326 4397 1357 4458 iu
1381 4398 1499 4460 ossibus
1523 4400 1711 4462 inflammatis
1734 4404 1861 4466 exntere
1884 4407 1947 4468 l'ere
1969 4425 2074 4473 carues
2096 4431 2228 4478 eonsen-

623 4533 714 4603 eiunt,
736 4517 831 4601 magis
853 4521 884 4581 iu
908 4520 985 4580 diem
1010 4519 1155 4593 dubitem,
1178 4527 1209 4582 et
1229 4520 1286 4584 hac
1310 4540 1342 4582 re
1365 4541 1570 4598 eommovear,
1599 4531 1632 4584 ut
1655 4524 1686 4584 iu
1706 4533 1863 4604 posterum
1885 4529 2011 4593 ulterius
2034 4532 2110 4596 lianc
2132 4549 2227 4600 mate-

623 4656 697 4716 riem
720 4663 894 4731 persequar.
941 4642 1086 4703 Conferas
1108 4642 1207 4717 velim,
1229 4663 1307 4724 quae
1329 4664 1421 4724 supra
1444 4665 1512 4724 pag.
1534 4643 1611 4706 201.
1635 4645 1672 4707 de
1695 4649 1751 4709 lrac
1772 4670 1805 4711 re
1828 4653 1966 4732 exposita
1986 4665 2066 4720 suut.

784 4771 873 4832 Certe
895 4764 1064 4828 nrirandum
1087 4773 1131 4828 est
1154 4783 1242 4846 quam
1259 4767 1394 4841 manuue,
1417 4767 1499 4848 quod
1523 4767 1702 4847 Gendriu,
1724 4774 1923 4852 Breschet,
1947 4777 2109 4862 Moding,
2135 4783 2228 4848 Kor-

625 4912 701 4964 tum
722 4911 905 4964 nemeseus,
936 4908 1013 4970 qnae
1029 4889 1067 4949 'iu
1090 4889 1227 4949 fracturis
1251 4890 1484 4968 suppurantibus
1508 4892 1626 4970 existat,
1658 4895 1772 4959 nullam
1795 4898 1917 4964 cumino
1941 4901 2078 4981 injiciunt
2101 4909 2230 4972 montio·

2385 699 2388 836 l
