<?xml version="1.0" encoding="UTF-8"?>
<!DOCTYPE html PUBLIC "-//W3C//DTD XHTML 1.0 Transitional//EN"
    "http://www.w3.org/TR/xhtml1/DTD/xhtml1-transitional.dtd">
<html xmlns="http://www.w3.org/1999/xhtml" xml:lang="en" lang="en">
 <head>
  <title>
</title>
<meta http-equiv="Content-Type" content="text/html;charset=utf-8" />
  <meta name='ocr-system' content='tesseract 3.04.00' />
  <meta name='ocr-capabilities' content='ocr_page ocr_carea ocr_par ocr_line ocrx_word'/>
</head>
<body>
  <div class='ocr_page' id='page_1' title='image "./deinflammatione00mlgoog_0058.png"; bbox 0 0 4856 5896; ppageno 0'>
   <div class='ocr_carea' id='block_1_1' title="bbox 196 759 1910 2938">
    <p class='ocr_par' dir='ltr' id='par_1_1' title="bbox 196 759 1910 2088">
     <span class='ocr_line' id='line_1_1' title="bbox 204 759 1863 858; baseline 0 -32"><span class='ocrx_word' id='word_1_1' title='bbox 204 761 290 826; x_wconf 86' lang='lat' dir='ltr'><strong>acido</strong></span> <span class='ocrx_word' id='word_1_2' title='bbox 312 759 390 827; x_wconf 84' lang='lat' dir='ltr'><strong>mur.</strong></span> <span class='ocrx_word' id='word_1_3' title='bbox 412 762 508 826; x_wconf 85' lang='lat' dir='ltr'><strong>diluto</strong></span> <span class='ocrx_word' id='word_1_4' title='bbox 528 770 730 841; x_wconf 72' lang='lat' dir='ltr'><strong>manamaur,</strong></span> <span class='ocrx_word' id='word_1_5' title='bbox 760 762 859 825; x_wconf 86' lang='lat' dir='ltr'><strong>donec</strong></span> <span class='ocrx_word' id='word_1_6' title='bbox 887 762 1006 825; x_wconf 85' lang='lat' dir='ltr'><strong>circiter</strong></span> <span class='ocrx_word' id='word_1_7' title='bbox 1034 761 1156 824; x_wconf 82' lang='lat' dir='ltr'><strong>dimidia</strong></span> <span class='ocrx_word' id='word_1_8' title='bbox 1177 781 1282 826; x_wconf 86' lang='lat' dir='ltr'><strong>eonnn</strong></span> <span class='ocrx_word' id='word_1_9' title='bbox 1305 781 1377 844; x_wconf 87' lang='lat' dir='ltr'><strong>pars</strong></span> <span class='ocrx_word' id='word_1_10' title='bbox 1398 769 1480 826; x_wconf 82' lang='lat' dir='ltr'><strong>terra</strong></span> <span class='ocrx_word' id='word_1_11' title='bbox 1502 779 1591 825; x_wconf 86' lang='lat' dir='ltr'><strong>osaea</strong></span> <span class='ocrx_word' id='word_1_12' title='bbox 1619 763 1736 844; x_wconf 85' lang='lat' dir='ltr'><strong>privata</strong></span> <span class='ocrx_word' id='word_1_13' title='bbox 1757 764 1803 838; x_wconf 83' lang='lat' dir='ltr'><strong>sit,</strong></span> <span class='ocrx_word' id='word_1_14' title='bbox 1860 851 1863 858; x_wconf 87' lang='lat'><em>.</em></span> 
     </span>
     <span class='ocr_line' id='line_1_2' title="bbox 202 885 1910 970; baseline -0.002 -20"><span class='ocrx_word' id='word_1_15' title='bbox 202 887 271 950; x_wconf 88' lang='lat' dir='ltr'><strong>dein</strong></span> <span class='ocrx_word' id='word_1_16' title='bbox 294 906 374 970; x_wconf 80' lang='lat' dir='ltr'><strong>aqua</strong></span> <span class='ocrx_word' id='word_1_17' title='bbox 395 886 698 967; x_wconf 73' lang='lat' dir='ltr'><strong>lrigidalaveunrrac</strong></span> <span class='ocrx_word' id='word_1_18' title='bbox 720 885 849 968; x_wconf 82' lang='lat' dir='ltr'><strong>danique</strong></span> <span class='ocrx_word' id='word_1_19' title='bbox 871 905 950 969; x_wconf 71' lang='lat' dir='ltr'><strong>antu</strong></span> <span class='ocrx_word' id='word_1_20' title='bbox 966 885 1109 948; x_wconf 75' lang='lat' dir='ltr'>bulliente</span> <span class='ocrx_word' id='word_1_21' title='bbox 1124 886 1326 964; x_wconf 81' lang='lat' dir='ltr'><strong>inirrndautar,</strong></span> <span class='ocrx_word' id='word_1_22' title='bbox 1348 893 1384 948; x_wconf 88' lang='lat' dir='ltr'><strong>nt</strong></span> <span class='ocrx_word' id='word_1_23' title='bbox 1405 891 1485 949; x_wconf 85' lang='lat' dir='ltr'><strong>stent</strong></span> <span class='ocrx_word' id='word_1_24' title='bbox 1505 905 1562 968; x_wconf 89' lang='lat' dir='ltr'><strong>per</strong></span> <span class='ocrx_word' id='word_1_25' title='bbox 1582 886 1673 949; x_wconf 87' lang='lat' dir='ltr'><strong>lroras</strong></span> <span class='ocrx_word' id='word_1_26' title='bbox 1691 885 1803 948; x_wconf 81' lang='lat' dir='ltr'>XXIV</span> <span class='ocrx_word' id='word_1_27' title='bbox 1905 889 1910 910; x_wconf 82' lang='grc'><em>’</em></span> 
     </span>
     <span class='ocr_line' id='line_1_3' title="bbox 201 1008 1804 1093; baseline -0.002 -19"><span class='ocrx_word' id='word_1_28' title='bbox 201 1019 326 1092; x_wconf 74' lang='lat' dir='ltr'><strong>temper.</strong></span> <span class='ocrx_word' id='word_1_29' title='bbox 349 1029 397 1093; x_wconf 86' lang='lat' dir='ltr'><strong>aq.</strong></span> <span class='ocrx_word' id='word_1_30' title='bbox 418 1008 463 1072; x_wconf 81' lang='lat' dir='ltr'><strong>so</strong></span> <span class='ocrx_word' id='word_1_31' title='bbox 475 1044 519 1060; x_wconf 87' lang='lat'><em>-</em></span> <span class='ocrx_word' id='word_1_32' title='bbox 535 1010 665 1087; x_wconf 78' lang='lat' dir='ltr'><strong>100⁰n,</strong></span> <span class='ocrx_word' id='word_1_33' title='bbox 687 1010 729 1072; x_wconf 86' lang='lat' dir='ltr'><strong>ita</strong></span> <span class='ocrx_word' id='word_1_34' title='bbox 750 1019 865 1086; x_wconf 78' lang='lat' dir='ltr'><strong>tamen,</strong></span> <span class='ocrx_word' id='word_1_35' title='bbox 881 1017 915 1072; x_wconf 82' lang='lat' dir='ltr'><strong>m</strong></span> <span class='ocrx_word' id='word_1_36' title='bbox 936 1029 1015 1093; x_wconf 84' lang='lat' dir='ltr'><strong>aqua</strong></span> <span class='ocrx_word' id='word_1_37' title='bbox 1037 1011 1115 1074; x_wconf 70' lang='lat' dir='ltr'><strong>inme</strong></span> <span class='ocrx_word' id='word_1_38' title='bbox 1138 1010 1198 1072; x_wconf 81' lang='lat' dir='ltr'><strong>laoc</strong></span> <span class='ocrx_word' id='word_1_39' title='bbox 1218 1009 1410 1091; x_wconf 87' lang='lat' dir='ltr'><strong>lempusncn</strong></span> <span class='ocrx_word' id='word_1_40' title='bbox 1431 1008 1548 1076; x_wconf 82' lang='lat' dir='ltr'><strong>bulliat.</strong></span> <span class='ocrx_word' id='word_1_41' title='bbox 1593 1009 1729 1072; x_wconf 70' lang='lat' dir='ltr'><strong>Solvitur</strong></span> <span class='ocrx_word' id='word_1_42' title='bbox 1748 1010 1804 1072; x_wconf 85' lang='lat' dir='ltr'><strong>hac</strong></span> 
     </span>
     <span class='ocr_line' id='line_1_4' title="bbox 199 1133 1804 1218; baseline 0.001 -24"><span class='ocrx_word' id='word_1_43' title='bbox 199 1134 316 1198; x_wconf 83' lang='lat' dir='ltr'><strong>ratione</strong></span> <span class='ocrx_word' id='word_1_44' title='bbox 337 1153 410 1215; x_wconf 83' lang='lat' dir='ltr'><strong>pars</strong></span> <span class='ocrx_word' id='word_1_45' title='bbox 431 1133 511 1198; x_wconf 87' lang='lat' dir='ltr'><strong>ossis</strong></span> <span class='ocrx_word' id='word_1_46' title='bbox 532 1153 581 1210; x_wconf 71' lang='lat' dir='ltr'><strong>aa,</strong></span> <span class='ocrx_word' id='word_1_47' title='bbox 598 1153 676 1218; x_wconf 83' lang='lat' dir='ltr'><strong>qnae</strong></span> <span class='ocrx_word' id='word_1_48' title='bbox 698 1133 827 1196; x_wconf 64' lang='lat' dir='ltr'><strong>alonna</strong></span> <span class='ocrx_word' id='word_1_49' title='bbox 848 1133 965 1214; x_wconf 81' lang='lat' dir='ltr'><strong>privata</strong></span> <span class='ocrx_word' id='word_1_50' title='bbox 986 1141 1058 1210; x_wconf 83' lang='lat' dir='ltr'><strong>erat,</strong></span> <span class='ocrx_word' id='word_1_51' title='bbox 1081 1140 1169 1216; x_wconf 85' lang='lat' dir='ltr'><strong>etque</strong></span> <span class='ocrx_word' id='word_1_52' title='bbox 1191 1134 1222 1196; x_wconf 92' lang='lat' dir='ltr'><strong>in</strong></span> <span class='ocrx_word' id='word_1_53' title='bbox 1244 1153 1289 1211; x_wconf 84' lang='lat' dir='ltr'><strong>ea,</strong></span> <span class='ocrx_word' id='word_1_54' title='bbox 1311 1151 1391 1216; x_wconf 80' lang='lat' dir='ltr'><strong>quae</strong></span> <span class='ocrx_word' id='word_1_55' title='bbox 1400 1133 1560 1197; x_wconf 80' lang='lat' dir='ltr'><strong>calcariam</strong></span> <span class='ocrx_word' id='word_1_56' title='bbox 1578 1133 1707 1210; x_wconf 85' lang='lat' dir='ltr'><strong>retinuit,</strong></span> <span class='ocrx_word' id='word_1_57' title='bbox 1728 1151 1804 1215; x_wconf 88' lang='lat' dir='ltr'><strong>pan·</strong></span> 
     </span>
     <span class='ocr_line' id='line_1_5' title="bbox 198 1255 1803 1340; baseline -0.001 -20"><span class='ocrx_word' id='word_1_58' title='bbox 198 1277 257 1320; x_wconf 87' lang='lat' dir='ltr'><strong>nus</strong></span> <span class='ocrx_word' id='word_1_59' title='bbox 277 1257 398 1340; x_wconf 89' lang='lat' dir='ltr'><strong>quidam</strong></span> <span class='ocrx_word' id='word_1_60' title='bbox 420 1264 555 1320; x_wconf 85' lang='lat' dir='ltr'><strong>remanet</strong></span> <span class='ocrx_word' id='word_1_61' title='bbox 575 1257 703 1320; x_wconf 86' lang='lat' dir='ltr'><strong>villosus</strong></span> <span class='ocrx_word' id='word_1_62' title='bbox 725 1264 756 1320; x_wconf 84' lang='lat' dir='ltr'><strong>et</strong></span> <span class='ocrx_word' id='word_1_63' title='bbox 777 1255 873 1335; x_wconf 88' lang='lat' dir='ltr'><strong>albus,</strong></span> <span class='ocrx_word' id='word_1_64' title='bbox 895 1258 947 1340; x_wconf 81' lang='lat' dir='ltr'><strong>qui</strong></span> <span class='ocrx_word' id='word_1_65' title='bbox 967 1257 1120 1320; x_wconf 72' lang='lat' dir='ltr'><strong>lennem</strong></span> <span class='ocrx_word' id='word_1_66' title='bbox 1135 1256 1273 1320; x_wconf 58' lang='lat' dir='ltr'><strong>friffioue</strong></span> <span class='ocrx_word' id='word_1_67' title='bbox 1295 1263 1453 1337; x_wconf 84' lang='lat' dir='ltr'><strong>separatur</strong></span> <span class='ocrx_word' id='word_1_68' title='bbox 1474 1264 1564 1340; x_wconf 83' lang='lat' dir='ltr'><strong>atque</strong></span> <span class='ocrx_word' id='word_1_69' title='bbox 1585 1255 1803 1338; x_wconf 70' lang='lat' dir='ltr'><strong>pessumdatur,</strong></span> 
     </span>
     <span class='ocr_line' id='line_1_6' title="bbox 197 1379 1804 1464; baseline 0.002 -22"><span class='ocrx_word' id='word_1_70' title='bbox 197 1399 256 1442; x_wconf 86' lang='lat' dir='ltr'><strong>nec</strong></span> <span class='ocrx_word' id='word_1_71' title='bbox 279 1381 439 1464; x_wconf 88' lang='lat' dir='ltr'><strong>quidquam</strong></span> <span class='ocrx_word' id='word_1_72' title='bbox 462 1388 508 1444; x_wconf 85' lang='lat' dir='ltr'><strong>est</strong></span> <span class='ocrx_word' id='word_1_73' title='bbox 529 1381 587 1444; x_wconf 91' lang='lat' dir='ltr'><strong>nisi</strong></span> <span class='ocrx_word' id='word_1_74' title='bbox 609 1381 667 1464; x_wconf 92' lang='lat' dir='ltr'><strong>ipsi</strong></span> <span class='ocrx_word' id='word_1_75' title='bbox 679 1379 836 1443; x_wconf 71' lang='lat' dir='ltr'><strong>canaliculi</strong></span> <span class='ocrx_word' id='word_1_76' title='bbox 853 1381 994 1462; x_wconf 84' lang='lat' dir='ltr'><strong>separati.</strong></span> <span class='ocrx_word' id='word_1_77' title='bbox 1040 1379 1099 1441; x_wconf 89' lang='lat' dir='ltr'><strong>Vel</strong></span> <span class='ocrx_word' id='word_1_78' title='bbox 1123 1399 1159 1442; x_wconf 93' lang='lat' dir='ltr'><strong>os</strong></span> <span class='ocrx_word' id='word_1_79' title='bbox 1178 1379 1266 1442; x_wconf 86' lang='lat' dir='ltr'><strong>acido</strong></span> <span class='ocrx_word' id='word_1_80' title='bbox 1288 1399 1364 1446; x_wconf 83' lang='lat' dir='ltr'><strong>mur.</strong></span> <span class='ocrx_word' id='word_1_81' title='bbox 1387 1386 1546 1444; x_wconf 68' lang='lat' dir='ltr'><strong>macutum</strong></span> <span class='ocrx_word' id='word_1_82' title='bbox 1567 1387 1629 1444; x_wconf 85' lang='lat' dir='ltr'><strong>tarn</strong></span> <span class='ocrx_word' id='word_1_83' title='bbox 1650 1379 1702 1442; x_wconf 92' lang='lat' dir='ltr'><strong>diu</strong></span> <span class='ocrx_word' id='word_1_84' title='bbox 1724 1398 1804 1462; x_wconf 78' lang='lat' dir='ltr'><strong>aqua</strong></span> 
     </span>
     <span class='ocr_line' id='line_1_7' title="bbox 197 1503 1802 1586; baseline -0.001 -20"><span class='ocrx_word' id='word_1_85' title='bbox 197 1511 378 1580; x_wconf 88' lang='lat' dir='ltr'><strong>maceretur,</strong></span> <span class='ocrx_word' id='word_1_86' title='bbox 401 1504 472 1566; x_wconf 88' lang='lat' dir='ltr'><strong>dum</strong></span> <span class='ocrx_word' id='word_1_87' title='bbox 494 1505 525 1566; x_wconf 88' lang='lat' dir='ltr'><strong>iu</strong></span> <span class='ocrx_word' id='word_1_88' title='bbox 549 1504 622 1567; x_wconf 89' lang='lat' dir='ltr'><strong>lolia</strong></span> <span class='ocrx_word' id='word_1_89' title='bbox 645 1504 736 1567; x_wconf 88' lang='lat' dir='ltr'><strong>dividi</strong></span> <span class='ocrx_word' id='word_1_90' title='bbox 758 1505 871 1586; x_wconf 63' lang='lat' dir='ltr'><strong>possin</strong></span> <span class='ocrx_word' id='word_1_91' title='bbox 893 1503 987 1566; x_wconf 77' lang='lat' dir='ltr'><strong>fibrae</strong></span> <span class='ocrx_word' id='word_1_92' title='bbox 1006 1519 1087 1586; x_wconf 67' lang='lat' dir='ltr'><strong>puae</strong></span> <span class='ocrx_word' id='word_1_93' title='bbox 1109 1503 1262 1565; x_wconf 83' lang='lat' dir='ltr'><strong>truninter</strong></span> <span class='ocrx_word' id='word_1_94' title='bbox 1283 1503 1357 1566; x_wconf 79' lang='lat' dir='ltr'><strong>folia</strong></span> <span class='ocrx_word' id='word_1_95' title='bbox 1380 1511 1534 1585; x_wconf 75' lang='lat' dir='ltr'><strong>apparent,</strong></span> <span class='ocrx_word' id='word_1_96' title='bbox 1555 1511 1587 1567; x_wconf 87' lang='lat' dir='ltr'><strong>et</strong></span> <span class='ocrx_word' id='word_1_97' title='bbox 1607 1503 1733 1584; x_wconf 75' lang='lat' dir='ltr'><strong>singulis</strong></span> <span class='ocrx_word' id='word_1_98' title='bbox 1754 1503 1802 1565; x_wconf 92' lang='lat' dir='ltr'><strong>lo-</strong></span> 
     </span>
     <span class='ocr_line' id='line_1_8' title="bbox 199 1625 1803 1711; baseline -0.002 -21"><span class='ocrx_word' id='word_1_99' title='bbox 199 1627 243 1690; x_wconf 84' lang='lat' dir='ltr'><strong>cis</strong></span> <span class='ocrx_word' id='word_1_100' title='bbox 264 1628 392 1690; x_wconf 83' lang='lat' dir='ltr'><strong>conlerti</strong></span> <span class='ocrx_word' id='word_1_101' title='bbox 422 1627 565 1691; x_wconf 86' lang='lat' dir='ltr'><strong>librosam</strong></span> <span class='ocrx_word' id='word_1_102' title='bbox 586 1627 745 1711; x_wconf 83' lang='lat' dir='ltr'><strong>qrmndam,</strong></span> <span class='ocrx_word' id='word_1_103' title='bbox 768 1634 804 1691; x_wconf 93' lang='lat' dir='ltr'><strong>ut</strong></span> <span class='ocrx_word' id='word_1_104' title='bbox 825 1647 918 1710; x_wconf 88' lang='lat' dir='ltr'><strong>snpra</strong></span> <span class='ocrx_word' id='word_1_105' title='bbox 940 1627 1053 1690; x_wconf 77' lang='lat' dir='ltr'><strong>dcun</strong></span> <span class='ocrx_word' id='word_1_106' title='bbox 1075 1634 1129 1703; x_wconf 87' lang='lat' dir='ltr'><strong>est,</strong></span> <span class='ocrx_word' id='word_1_107' title='bbox 1151 1627 1283 1708; x_wconf 79' lang='lat' dir='ltr'><strong>speeiem</strong></span> <span class='ocrx_word' id='word_1_108' title='bbox 1305 1627 1368 1691; x_wconf 86' lang='lat' dir='ltr'><strong>ossi</strong></span> <span class='ocrx_word' id='word_1_109' title='bbox 1388 1627 1530 1706; x_wconf 77' lang='lat' dir='ltr'><strong>tibuunt,</strong></span> <span class='ocrx_word' id='word_1_110' title='bbox 1552 1634 1623 1692; x_wconf 88' lang='lat' dir='ltr'><strong>sunt</strong></span> <span class='ocrx_word' id='word_1_111' title='bbox 1643 1625 1803 1689; x_wconf 68' lang='lat' dir='ltr'><strong>canaliculi</strong></span> 
     </span>
     <span class='ocr_line' id='line_1_9' title="bbox 197 1749 1837 1834; baseline 0 -22"><span class='ocrx_word' id='word_1_112' title='bbox 197 1749 257 1827; x_wconf 92' lang='lat' dir='ltr'><strong>illi,</strong></span> <span class='ocrx_word' id='word_1_113' title='bbox 285 1751 323 1812; x_wconf 89' lang='lat' dir='ltr'><strong>de</strong></span> <span class='ocrx_word' id='word_1_114' title='bbox 353 1751 461 1834; x_wconf 87' lang='lat' dir='ltr'><strong>quibus</strong></span> <span class='ocrx_word' id='word_1_115' title='bbox 491 1751 671 1834; x_wconf 83' lang='lat' dir='ltr'><strong>quaerimus</strong></span> <span class='ocrx_word' id='word_1_116' title='bbox 717 1755 787 1834; x_wconf 76' lang='lat' dir='ltr'><strong>Qum</strong></span> <span class='ocrx_word' id='word_1_117' title='bbox 808 1753 847 1814; x_wconf 88' lang='lat' dir='ltr'><strong>de</strong></span> <span class='ocrx_word' id='word_1_118' title='bbox 868 1770 903 1814; x_wconf 86' lang='lat' dir='ltr'><strong>re</strong></span> <span class='ocrx_word' id='word_1_119' title='bbox 925 1750 1012 1814; x_wconf 77' lang='lat' dir='ltr'><strong>facile</strong></span> <span class='ocrx_word' id='word_1_120' title='bbox 1036 1751 1182 1813; x_wconf 81' lang='lat' dir='ltr'><strong>certiores</strong></span> <span class='ocrx_word' id='word_1_121' title='bbox 1203 1752 1300 1828; x_wconf 72' lang='lat' dir='ltr'><strong>faras,</strong></span> <span class='ocrx_word' id='word_1_122' title='bbox 1322 1752 1351 1814; x_wconf 89' lang='lat' dir='ltr'><strong>si</strong></span> <span class='ocrx_word' id='word_1_123' title='bbox 1370 1771 1425 1814; x_wconf 88' lang='lat' dir='ltr'><strong>eos</strong></span> <span class='ocrx_word' id='word_1_124' title='bbox 1447 1753 1527 1814; x_wconf 83' lang='lat' dir='ltr'><strong>iacta</strong></span> <span class='ocrx_word' id='word_1_125' title='bbox 1548 1749 1683 1814; x_wconf 78' lang='lat' dir='ltr'><strong>secdone</strong></span> <span class='ocrx_word' id='word_1_126' title='bbox 1704 1757 1801 1813; x_wconf 73' lang='lat' dir='ltr'><strong>nans·</strong></span> <span class='ocrx_word' id='word_1_127' title='bbox 1834 1777 1837 1784; x_wconf 60' lang='grc'><strong>’</strong></span> 
     </span>
     <span class='ocr_line' id='line_1_10' title="bbox 196 1873 1802 1958; baseline 0.001 -23"><span class='ocrx_word' id='word_1_128' title='bbox 196 1893 289 1936; x_wconf 57' lang='lat' dir='ltr'><strong>versa&gt;</strong></span> <span class='ocrx_word' id='word_1_129' title='bbox 306 1875 364 1936; x_wconf 84' lang='lat' dir='ltr'><strong>sub</strong></span> <span class='ocrx_word' id='word_1_130' title='bbox 385 1874 587 1958; x_wconf 76' lang='lat' dir='ltr'><strong>nimoscopio</strong></span> <span class='ocrx_word' id='word_1_131' title='bbox 609 1876 820 1949; x_wconf 64' lang='lat' dir='ltr'><strong>alsemannum</strong></span> <span class='ocrx_word' id='word_1_132' title='bbox 848 1874 1075 1956; x_wconf 72' lang='lat' dir='ltr'><strong>conspiciuntur</strong></span> <span class='ocrx_word' id='word_1_133' title='bbox 1102 1874 1186 1936; x_wconf 82' lang='lat' dir='ltr'><strong>enim</strong></span> <span class='ocrx_word' id='word_1_134' title='bbox 1210 1874 1252 1935; x_wconf 85' lang='lat' dir='ltr'><strong>ita</strong></span> <span class='ocrx_word' id='word_1_135' title='bbox 1280 1883 1309 1936; x_wconf 79' lang='lat' dir='ltr'><strong>ct</strong></span> <span class='ocrx_word' id='word_1_136' title='bbox 1338 1881 1497 1955; x_wconf 74' lang='lat' dir='ltr'><strong>aperturae</strong></span> <span class='ocrx_word' id='word_1_137' title='bbox 1524 1893 1631 1938; x_wconf 85' lang='lat' dir='ltr'><strong>eorum</strong></span> <span class='ocrx_word' id='word_1_138' title='bbox 1653 1879 1684 1936; x_wconf 90' lang='lat' dir='ltr'><strong>et</strong></span> <span class='ocrx_word' id='word_1_139' title='bbox 1704 1873 1802 1936; x_wconf 85' lang='lat' dir='ltr'><strong>lineae</strong></span> 
     </span>
     <span class='ocr_line' id='line_1_11' title="bbox 198 1999 1214 2088; baseline 0.001 -29"><span class='ocrx_word' id='word_1_140' title='bbox 198 1999 405 2062; x_wconf 86' lang='lat' dir='ltr'><strong>concentricae</strong></span> <span class='ocrx_word' id='word_1_141' title='bbox 428 2018 479 2060; x_wconf 86' lang='lat' dir='ltr'><strong>eas</strong></span> <span class='ocrx_word' id='word_1_142' title='bbox 502 2000 662 2079; x_wconf 74' lang='lat' dir='ltr'><strong>cingentes·</strong></span> <span class='ocrx_word' id='word_1_143' title='bbox 1212 2081 1214 2088; x_wconf 17' lang='grc' dir='ltr'><strong><em>Α</em></strong></span> 
     </span>
    </p>

    <p class='ocr_par' dir='ltr' id='par_1_2' title="bbox 197 2119 1802 2938">
     <span class='ocr_line' id='line_1_12' title="bbox 359 2119 1801 2197; baseline -0.001 -13"><span class='ocrx_word' id='word_1_144' title='bbox 359 2121 521 2184; x_wconf 84' lang='lat' dir='ltr'><strong>Continent</strong></span> <span class='ocrx_word' id='word_1_145' title='bbox 542 2122 572 2183; x_wconf 92' lang='lat' dir='ltr'><strong>hi</strong></span> <span class='ocrx_word' id='word_1_146' title='bbox 594 2121 753 2184; x_wconf 85' lang='lat' dir='ltr'><strong>canaliculi</strong></span> <span class='ocrx_word' id='word_1_147' title='bbox 782 2119 945 2184; x_wconf 88' lang='lat' dir='ltr'><strong>medullam</strong></span> <span class='ocrx_word' id='word_1_148' title='bbox 973 2119 1021 2182; x_wconf 87' lang='lat' dir='ltr'><strong>vel</strong></span> <span class='ocrx_word' id='word_1_149' title='bbox 1052 2119 1246 2182; x_wconf 82' lang='lat' dir='ltr'><strong>substantiam</strong></span> <span class='ocrx_word' id='word_1_150' title='bbox 1275 2121 1424 2183; x_wconf 84' lang='lat' dir='ltr'><strong>medrrllae</strong></span> <span class='ocrx_word' id='word_1_151' title='bbox 1452 2121 1592 2197; x_wconf 88' lang='lat' dir='ltr'><strong>similem,</strong></span> <span class='ocrx_word' id='word_1_152' title='bbox 1621 2121 1653 2183; x_wconf 88' lang='lat' dir='ltr'><strong>in</strong></span> <span class='ocrx_word' id='word_1_153' title='bbox 1684 2119 1801 2184; x_wconf 87' lang='lat' dir='ltr'><strong>cellulis</strong></span> 
     </span>
     <span class='ocr_line' id='line_1_13' title="bbox 198 2243 1801 2326; baseline -0.001 -20"><span class='ocrx_word' id='word_1_154' title='bbox 198 2245 363 2324; x_wconf 76' lang='lat' dir='ltr'><strong>majoribus</strong></span> <span class='ocrx_word' id='word_1_155' title='bbox 385 2245 537 2307; x_wconf 77' lang='lat' dir='ltr'><strong>vesiculae</strong></span> <span class='ocrx_word' id='word_1_156' title='bbox 560 2244 702 2326; x_wconf 86' lang='lat' dir='ltr'><strong>adiposae</strong></span> <span class='ocrx_word' id='word_1_157' title='bbox 721 2244 885 2307; x_wconf 88' lang='lat' dir='ltr'><strong>admodum</strong></span> <span class='ocrx_word' id='word_1_158' title='bbox 902 2243 1084 2325; x_wconf 76' lang='lat' dir='ltr'><strong>conspicuae</strong></span> <span class='ocrx_word' id='word_1_159' title='bbox 1106 2249 1189 2316; x_wconf 83' lang='lat' dir='ltr'><strong>sunt;</strong></span> <span class='ocrx_word' id='word_1_160' title='bbox 1211 2263 1342 2324; x_wconf 82' lang='lat' dir='ltr'><strong>quarum</strong></span> <span class='ocrx_word' id='word_1_161' title='bbox 1360 2245 1432 2307; x_wconf 90' lang='lat' dir='ltr'><strong>loco</strong></span> <span class='ocrx_word' id='word_1_162' title='bbox 1459 2245 1491 2306; x_wconf 89' lang='lat' dir='ltr'><strong>in</strong></span> <span class='ocrx_word' id='word_1_163' title='bbox 1513 2245 1686 2322; x_wconf 84' lang='lat' dir='ltr'><strong>minoribus,</strong></span> <span class='ocrx_word' id='word_1_164' title='bbox 1710 2261 1801 2326; x_wconf 84' lang='lat' dir='ltr'><strong>quum</strong></span> 
     </span>
     <span class='ocr_line' id='line_1_14' title="bbox 200 2365 1802 2451; baseline 0.001 -23"><span class='ocrx_word' id='word_1_165' title='bbox 200 2387 240 2429; x_wconf 87' lang='lat' dir='ltr'><strong>ue</strong></span> <span class='ocrx_word' id='word_1_166' title='bbox 271 2369 399 2448; x_wconf 89' lang='lat' dir='ltr'><strong>spatium</strong></span> <span class='ocrx_word' id='word_1_167' title='bbox 428 2368 548 2451; x_wconf 87' lang='lat' dir='ltr'><strong>quidem</strong></span> <span class='ocrx_word' id='word_1_168' title='bbox 577 2367 616 2428; x_wconf 88' lang='lat' dir='ltr'><strong>ad</strong></span> <span class='ocrx_word' id='word_1_169' title='bbox 645 2387 697 2430; x_wconf 88' lang='lat' dir='ltr'><strong>eas</strong></span> <span class='ocrx_word' id='word_1_170' title='bbox 725 2369 921 2432; x_wconf 86' lang='lat' dir='ltr'><strong>continendas</strong></span> <span class='ocrx_word' id='word_1_171' title='bbox 950 2365 1102 2430; x_wconf 84' lang='lat' dir='ltr'><strong>srdliciens</strong></span> <span class='ocrx_word' id='word_1_172' title='bbox 1125 2365 1215 2444; x_wconf 86' lang='lat' dir='ltr'><strong>adsit,</strong></span> <span class='ocrx_word' id='word_1_173' title='bbox 1245 2367 1411 2430; x_wconf 69' lang='lat' dir='ltr'><strong>substantie</strong></span> <span class='ocrx_word' id='word_1_174' title='bbox 1431 2369 1610 2445; x_wconf 85' lang='lat' dir='ltr'><strong>flavescens,</strong></span> <span class='ocrx_word' id='word_1_175' title='bbox 1638 2366 1802 2448; x_wconf 87' lang='lat' dir='ltr'><strong>pellucens,</strong></span> 
     </span>
     <span class='ocr_line' id='line_1_15' title="bbox 199 2489 1801 2571; baseline 0.002 -20"><span class='ocrx_word' id='word_1_176' title='bbox 199 2491 346 2553; x_wconf 82' lang='lat' dir='ltr'><strong>vesiculas</strong></span> <span class='ocrx_word' id='word_1_177' title='bbox 374 2511 437 2554; x_wconf 88' lang='lat' dir='ltr'><strong>nou</strong></span> <span class='ocrx_word' id='word_1_178' title='bbox 459 2491 572 2552; x_wconf 89' lang='lat' dir='ltr'><strong>habeus</strong></span> <span class='ocrx_word' id='word_1_179' title='bbox 599 2493 756 2571; x_wconf 86' lang='lat' dir='ltr'><strong>reperitur.</strong></span> <span class='ocrx_word' id='word_1_180' title='bbox 803 2495 962 2554; x_wconf 88' lang='lat' dir='ltr'><strong>Praeterea</strong></span> <span class='ocrx_word' id='word_1_181' title='bbox 983 2491 1152 2554; x_wconf 76' lang='lat' dir='ltr'><strong>numerosis</strong></span> <span class='ocrx_word' id='word_1_182' title='bbox 1180 2490 1261 2552; x_wconf 80' lang='lat' dir='ltr'><strong>uasis</strong></span> <span class='ocrx_word' id='word_1_183' title='bbox 1290 2490 1426 2554; x_wconf 71' lang='lat' dir='ltr'><strong>insnucti</strong></span> <span class='ocrx_word' id='word_1_184' title='bbox 1447 2499 1530 2568; x_wconf 84' lang='lat' dir='ltr'><strong>sunt,</strong></span> <span class='ocrx_word' id='word_1_185' title='bbox 1558 2497 1593 2553; x_wconf 91' lang='lat' dir='ltr'><strong>ut</strong></span> <span class='ocrx_word' id='word_1_186' title='bbox 1620 2491 1669 2553; x_wconf 86' lang='lat' dir='ltr'><strong>vel</strong></span> <span class='ocrx_word' id='word_1_187' title='bbox 1697 2489 1801 2554; x_wconf 89' lang='lat' dir='ltr'><strong>colore</strong></span> 
     </span>
     <span class='ocr_line' id='line_1_16' title="bbox 199 2613 1801 2697; baseline 0.001 -23"><span class='ocrx_word' id='word_1_188' title='bbox 199 2613 291 2676; x_wconf 83' lang='lat' dir='ltr'><strong>rubro</strong></span> <span class='ocrx_word' id='word_1_189' title='bbox 314 2620 344 2675; x_wconf 89' lang='lat' dir='ltr'><strong>et</strong></span> <span class='ocrx_word' id='word_1_190' title='bbox 365 2613 509 2693; x_wconf 79' lang='lat' dir='ltr'><strong>sanguine</strong></span> <span class='ocrx_word' id='word_1_191' title='bbox 531 2614 609 2675; x_wconf 81' lang='lat' dir='ltr'><strong>inter</strong></span> <span class='ocrx_word' id='word_1_192' title='bbox 631 2615 850 2693; x_wconf 79' lang='lat' dir='ltr'><strong>amputationes</strong></span> <span class='ocrx_word' id='word_1_193' title='bbox 874 2614 1043 2676; x_wconf 83' lang='lat' dir='ltr'><strong>exstillante</strong></span> <span class='ocrx_word' id='word_1_194' title='bbox 1065 2613 1266 2692; x_wconf 78' lang='lat' dir='ltr'><strong>cognoscitur.</strong></span> <span class='ocrx_word' id='word_1_195' title='bbox 1313 2618 1451 2695; x_wconf 75' lang='lat' dir='ltr'><strong>Quonim</strong></span> <span class='ocrx_word' id='word_1_196' title='bbox 1477 2615 1575 2697; x_wconf 88' lang='lat' dir='ltr'><strong>qualis</strong></span> <span class='ocrx_word' id='word_1_197' title='bbox 1596 2616 1635 2678; x_wconf 85' lang='lat' dir='ltr'><strong>sit</strong></span> <span class='ocrx_word' id='word_1_198' title='bbox 1656 2615 1801 2678; x_wconf 58' lang='lat' dir='ltr'><strong>meursius</strong></span> 
     </span>
     <span class='ocr_line' id='line_1_17' title="bbox 199 2735 1801 2818; baseline 0.003 -22"><span class='ocrx_word' id='word_1_199' title='bbox 199 2736 406 2798; x_wconf 85' lang='lat' dir='ltr'><strong>difficillimum</strong></span> <span class='ocrx_word' id='word_1_200' title='bbox 428 2743 473 2797; x_wconf 82' lang='lat' dir='ltr'><strong>cst</strong></span> <span class='ocrx_word' id='word_1_201' title='bbox 495 2735 652 2817; x_wconf 67' lang='lat' dir='ltr'><strong>inquisitam</strong></span> <span class='ocrx_word' id='word_1_202' title='bbox 681 2755 743 2798; x_wconf 93' lang='lat' dir='ltr'><strong>non</strong></span> <span class='ocrx_word' id='word_1_203' title='bbox 765 2736 865 2798; x_wconf 87' lang='lat' dir='ltr'><strong>solum</strong></span> <span class='ocrx_word' id='word_1_204' title='bbox 887 2735 1061 2797; x_wconf 82' lang='lat' dir='ltr'><strong>difficillime</strong></span> <span class='ocrx_word' id='word_1_205' title='bbox 1083 2736 1117 2795; x_wconf 82' lang='lat' dir='ltr'><strong>fit</strong></span> <span class='ocrx_word' id='word_1_206' title='bbox 1138 2735 1259 2813; x_wconf 86' lang='lat' dir='ltr'><strong>injectio</strong></span> <span class='ocrx_word' id='word_1_207' title='bbox 1282 2743 1407 2815; x_wconf 85' lang='lat' dir='ltr'><strong>propter</strong></span> <span class='ocrx_word' id='word_1_208' title='bbox 1429 2756 1501 2799; x_wconf 85' lang='lat' dir='ltr'><strong>vasa</strong></span> <span class='ocrx_word' id='word_1_209' title='bbox 1523 2740 1667 2818; x_wconf 74' lang='lat' dir='ltr'><strong>sanguine</strong></span> <span class='ocrx_word' id='word_1_210' title='bbox 1689 2758 1801 2818; x_wconf 81' lang='lat' dir='ltr'><strong>coagu-</strong></span> 
     </span>
     <span class='ocr_line' id='line_1_18' title="bbox 197 2855 1799 2938; baseline 0.002 -19"><span class='ocrx_word' id='word_1_211' title='bbox 197 2858 260 2920; x_wconf 87' lang='lat' dir='ltr'><strong>lato</strong></span> <span class='ocrx_word' id='word_1_212' title='bbox 283 2857 459 2938; x_wconf 88' lang='lat' dir='ltr'><strong>plerumque</strong></span> <span class='ocrx_word' id='word_1_213' title='bbox 483 2857 613 2937; x_wconf 86' lang='lat' dir='ltr'><strong>impleta,</strong></span> <span class='ocrx_word' id='word_1_214' title='bbox 642 2857 697 2919; x_wconf 88' lang='lat' dir='ltr'><strong>sed</strong></span> <span class='ocrx_word' id='word_1_215' title='bbox 720 2857 796 2920; x_wconf 89' lang='lat' dir='ltr'><strong>bene</strong></span> <span class='ocrx_word' id='word_1_216' title='bbox 825 2858 911 2920; x_wconf 81' lang='lat' dir='ltr'><strong>oliuu</strong></span> <span class='ocrx_word' id='word_1_217' title='bbox 934 2859 1014 2918; x_wconf 86' lang='lat' dir='ltr'><strong>lacta</strong></span> <span class='ocrx_word' id='word_1_218' title='bbox 1035 2857 1196 2936; x_wconf 84' lang='lat' dir='ltr'><strong>injectione</strong></span> <span class='ocrx_word' id='word_1_219' title='bbox 1219 2855 1296 2918; x_wconf 83' lang='lat' dir='ltr'><strong>dura</strong></span> <span class='ocrx_word' id='word_1_220' title='bbox 1317 2863 1348 2918; x_wconf 85' lang='lat' dir='ltr'><strong>et</strong></span> <span class='ocrx_word' id='word_1_221' title='bbox 1370 2877 1467 2938; x_wconf 80' lang='lat' dir='ltr'><strong>opace</strong></span> <span class='ocrx_word' id='word_1_222' title='bbox 1489 2860 1603 2922; x_wconf 87' lang='lat' dir='ltr'><strong>ossium</strong></span> <span class='ocrx_word' id='word_1_223' title='bbox 1624 2869 1732 2923; x_wconf 85' lang='lat' dir='ltr'><strong>natura</strong></span> <span class='ocrx_word' id='word_1_224' title='bbox 1754 2863 1799 2922; x_wconf 90' lang='lat' dir='ltr'><strong>in-</strong></span> 
     </span>
    </p>
   </div>
   <div class='ocr_carea' id='block_1_2' title="bbox 199 2978 1904 3064">
    <p class='ocr_par' dir='ltr' id='par_1_3' title="bbox 199 2978 1904 3064">
     <span class='ocr_line' id='line_1_19' title="bbox 199 2978 1904 3064; baseline 0.001 -20"><span class='ocrx_word' id='word_1_225' title='bbox 199 2980 351 3062; x_wconf 87' lang='lat' dir='ltr'><strong>quisitioni</strong></span> <span class='ocrx_word' id='word_1_226' title='bbox 377 2981 612 3060; x_wconf 82' lang='lat' dir='ltr'><strong>microseopicae</strong></span> <span class='ocrx_word' id='word_1_227' title='bbox 633 2981 846 3061; x_wconf 85' lang='lat' dir='ltr'><strong>impedimento</strong></span> <span class='ocrx_word' id='word_1_228' title='bbox 874 2987 946 3042; x_wconf 91' lang='lat' dir='ltr'><strong>sunt</strong></span> <span class='ocrx_word' id='word_1_229' title='bbox 966 2980 1017 3042; x_wconf 83' lang='lat' dir='ltr'><strong>vix</strong></span> <span class='ocrx_word' id='word_1_230' title='bbox 1039 2978 1216 3060; x_wconf 78' lang='lat' dir='ltr'><strong>superabili,-</strong></span> <span class='ocrx_word' id='word_1_231' title='bbox 1234 2997 1270 3040; x_wconf 88' lang='lat' dir='ltr'><strong>ac</strong></span> <span class='ocrx_word' id='word_1_232' title='bbox 1292 2979 1385 3041; x_wconf 86' lang='lat' dir='ltr'><strong>liuida</strong></span> <span class='ocrx_word' id='word_1_233' title='bbox 1413 2981 1541 3063; x_wconf 89' lang='lat' dir='ltr'><strong>denique</strong></span> <span class='ocrx_word' id='word_1_234' title='bbox 1563 2983 1720 3064; x_wconf 75' lang='lat' dir='ltr'><strong>pigmentis</strong></span> <span class='ocrx_word' id='word_1_235' title='bbox 1742 2984 1799 3050; x_wconf 91' lang='lat' dir='ltr'><strong>tin-</strong></span> <span class='ocrx_word' id='word_1_236' title='bbox 1900 3011 1904 3018; x_wconf 92' lang='lat'>·</span> 
     </span>
    </p>
   </div>
   <div class='ocr_carea' id='block_1_3' title="bbox 196 3102 1801 4054">
    <p class='ocr_par' dir='ltr' id='par_1_4' title="bbox 196 3102 1801 4054">
     <span class='ocr_line' id='line_1_20' title="bbox 198 3102 1801 3197; baseline 0.002 -31"><span class='ocrx_word' id='word_1_237' title='bbox 198 3111 247 3166; x_wconf 85' lang='lat' dir='ltr'><strong>cta</strong></span> <span class='ocrx_word' id='word_1_238' title='bbox 268 3103 362 3166; x_wconf 85' lang='lat' dir='ltr'><strong>acidis</strong></span> <span class='ocrx_word' id='word_1_239' title='bbox 384 3103 524 3166; x_wconf 71' lang='lat' dir='ltr'><strong>facillime</strong></span> <span class='ocrx_word' id='word_1_240' title='bbox 541 3110 702 3167; x_wconf 79' lang='lat' dir='ltr'><strong>mutamur.</strong></span> <span class='ocrx_word' id='word_1_241' title='bbox 736 3105 879 3166; x_wconf 83' lang='lat' dir='ltr'><strong>Omnium</strong></span> <span class='ocrx_word' id='word_1_242' title='bbox 900 3102 1063 3184; x_wconf 76' lang='lat' dir='ltr'><strong>plurimum</strong></span> <span class='ocrx_word' id='word_1_243' title='bbox 1086 3102 1170 3164; x_wconf 84' lang='lat' dir='ltr'><strong>elleei</strong></span> <span class='ocrx_word' id='word_1_244' title='bbox 1191 3102 1341 3179; x_wconf 78' lang='lat' dir='ltr'><strong>methodo,</strong></span> <span class='ocrx_word' id='word_1_245' title='bbox 1361 3104 1425 3182; x_wconf 88' lang='lat' dir='ltr'><strong>jam</strong></span> <span class='ocrx_word' id='word_1_246' title='bbox 1445 3104 1689 3197; x_wconf 76' lang='lat' dir='ltr'><strong>supralaudato,</strong></span> <span class='ocrx_word' id='word_1_247' title='bbox 1712 3127 1801 3190; x_wconf 89' lang='lat' dir='ltr'><strong>quam</strong></span> 
     </span>
     <span class='ocr_line' id='line_1_21' title="bbox 198 3224 1800 3312; baseline 0.001 -20"><span class='ocrx_word' id='word_1_248' title='bbox 198 3231 247 3292; x_wconf 87' lang='lat' dir='ltr'><strong>Pr.</strong></span> <span class='ocrx_word' id='word_1_249' title='bbox 278 3229 424 3290; x_wconf 77' lang='lat' dir='ltr'><strong>lirense</strong></span> <span class='ocrx_word' id='word_1_250' title='bbox 452 3227 492 3289; x_wconf 87' lang='lat' dir='ltr'><strong>ad</strong></span> <span class='ocrx_word' id='word_1_251' title='bbox 519 3226 681 3306; x_wconf 77' lang='lat' dir='ltr'><strong>injicienda</strong></span> <span class='ocrx_word' id='word_1_252' title='bbox 710 3245 784 3288; x_wconf 85' lang='lat' dir='ltr'><strong>vasa</strong></span> <span class='ocrx_word' id='word_1_253' title='bbox 813 3227 968 3308; x_wconf 82' lang='lat' dir='ltr'><strong>capillaria</strong></span> <span class='ocrx_word' id='word_1_254' title='bbox 998 3224 1227 3288; x_wconf 81' lang='lat' dir='ltr'><strong>commendavit.</strong></span> <span class='ocrx_word' id='word_1_255' title='bbox 1277 3227 1341 3288; x_wconf 83' lang='lat' dir='ltr'><strong>llae</strong></span> <span class='ocrx_word' id='word_1_256' title='bbox 1368 3227 1486 3290; x_wconf 86' lang='lat' dir='ltr'><strong>ratione</strong></span> <span class='ocrx_word' id='word_1_257' title='bbox 1513 3230 1646 3293; x_wconf 87' lang='lat' dir='ltr'><strong>ramulos</strong></span> <span class='ocrx_word' id='word_1_258' title='bbox 1675 3231 1800 3312; x_wconf 78' lang='lat' dir='ltr'><strong>exiguos</strong></span> 
     </span>
     <span class='ocr_line' id='line_1_22' title="bbox 198 3345 1799 3439; baseline 0.002 -25"><span class='ocrx_word' id='word_1_259' title='bbox 198 3371 339 3414; x_wconf 85' lang='lat' dir='ltr'><strong>rasorum</strong></span> <span class='ocrx_word' id='word_1_260' title='bbox 361 3357 421 3414; x_wconf 85' lang='lat' dir='ltr'><strong>um</strong></span> <span class='ocrx_word' id='word_1_261' title='bbox 443 3370 462 3411; x_wconf 89' lang='lat' dir='ltr'><strong>a</strong></span> <span class='ocrx_word' id='word_1_262' title='bbox 483 3349 640 3431; x_wconf 80' lang='lat' dir='ltr'><strong>superficie</strong></span> <span class='ocrx_word' id='word_1_263' title='bbox 662 3356 799 3426; x_wconf 79' lang='lat' dir='ltr'><strong>eteterrra,</strong></span> <span class='ocrx_word' id='word_1_264' title='bbox 827 3369 917 3433; x_wconf 90' lang='lat' dir='ltr'><strong>quam</strong></span> <span class='ocrx_word' id='word_1_265' title='bbox 945 3369 962 3412; x_wconf 93' lang='lat' dir='ltr'><strong>e</strong></span> <span class='ocrx_word' id='word_1_266' title='bbox 990 3345 1092 3411; x_wconf 85' lang='lat' dir='ltr'><strong>canali·</strong></span> <span class='ocrx_word' id='word_1_267' title='bbox 1116 3347 1276 3411; x_wconf 86' lang='lat' dir='ltr'><strong>medullari</strong></span> <span class='ocrx_word' id='word_1_268' title='bbox 1303 3349 1334 3412; x_wconf 91' lang='lat' dir='ltr'><strong>in</strong></span> <span class='ocrx_word' id='word_1_269' title='bbox 1363 3351 1548 3415; x_wconf 83' lang='lat' dir='ltr'><strong>canaliculos</strong></span> <span class='ocrx_word' id='word_1_270' title='bbox 1577 3353 1688 3417; x_wconf 74' lang='lat' dir='ltr'><strong>innare</strong></span> <span class='ocrx_word' id='word_1_271' title='bbox 1711 3365 1799 3439; x_wconf 81' lang='lat' dir='ltr'><strong>atque</strong></span> 
     </span>
     <span class='ocr_line' id='line_1_23' title="bbox 198 3471 1799 3560; baseline 0.001 -21"><span class='ocrx_word' id='word_1_272' title='bbox 198 3476 332 3538; x_wconf 87' lang='lat' dir='ltr'><strong>ramulos</strong></span> <span class='ocrx_word' id='word_1_273' title='bbox 354 3475 386 3536; x_wconf 89' lang='lat' dir='ltr'><strong>in</strong></span> <span class='ocrx_word' id='word_1_274' title='bbox 407 3473 593 3537; x_wconf 81' lang='lat' dir='ltr'><strong>canaliculos</strong></span> <span class='ocrx_word' id='word_1_275' title='bbox 613 3473 755 3536; x_wconf 76' lang='lat' dir='ltr'><strong>laterales</strong></span> <span class='ocrx_word' id='word_1_276' title='bbox 782 3472 949 3536; x_wconf 80' lang='lat' dir='ltr'><strong>diffundere</strong></span> <span class='ocrx_word' id='word_1_277' title='bbox 970 3471 1047 3547; x_wconf 85' lang='lat' dir='ltr'><strong>vidi;</strong></span> <span class='ocrx_word' id='word_1_278' title='bbox 1076 3471 1206 3553; x_wconf 87' lang='lat' dir='ltr'><strong>primum</strong></span> <span class='ocrx_word' id='word_1_279' title='bbox 1230 3492 1249 3533; x_wconf 91' lang='lat' dir='ltr'><strong>a</strong></span> <span class='ocrx_word' id='word_1_280' title='bbox 1269 3475 1429 3556; x_wconf 83' lang='lat' dir='ltr'><strong>superficie</strong></span> <span class='ocrx_word' id='word_1_281' title='bbox 1454 3477 1599 3540; x_wconf 74' lang='lat' dir='ltr'><strong>inc-mles</strong></span> <span class='ocrx_word' id='word_1_282' title='bbox 1627 3479 1690 3540; x_wconf 88' lang='lat' dir='ltr'><strong>lere</strong></span> <span class='ocrx_word' id='word_1_283' title='bbox 1712 3497 1799 3560; x_wconf 89' lang='lat' dir='ltr'><strong>pror-</strong></span> 
     </span>
     <span class='ocr_line' id='line_1_24' title="bbox 197 3595 1799 3685; baseline 0.001 -22"><span class='ocrx_word' id='word_1_284' title='bbox 197 3619 252 3663; x_wconf 85' lang='lat' dir='ltr'><strong>sus</strong></span> <span class='ocrx_word' id='word_1_285' title='bbox 273 3597 434 3678; x_wconf 85' lang='lat' dir='ltr'><strong>explebant</strong></span> <span class='ocrx_word' id='word_1_286' title='bbox 455 3595 655 3676; x_wconf 89' lang='lat' dir='ltr'><strong>canaliculos,</strong></span> <span class='ocrx_word' id='word_1_287' title='bbox 683 3597 716 3660; x_wconf 92' lang='lat' dir='ltr'><strong>iu</strong></span> <span class='ocrx_word' id='word_1_288' title='bbox 745 3597 939 3660; x_wconf 82' lang='lat' dir='ltr'><strong>substantiam</strong></span> <span class='ocrx_word' id='word_1_289' title='bbox 966 3617 1040 3660; x_wconf 78' lang='lat' dir='ltr'><strong>sero</strong></span> <span class='ocrx_word' id='word_1_290' title='bbox 1062 3595 1153 3660; x_wconf 73' lang='lat' dir='ltr'><strong>aluus</strong></span> <span class='ocrx_word' id='word_1_291' title='bbox 1176 3597 1302 3676; x_wconf 69' lang='lat' dir='ltr'><strong>agressi</strong></span> <span class='ocrx_word' id='word_1_292' title='bbox 1324 3599 1419 3662; x_wconf 80' lang='lat' dir='ltr'><strong>tribus</strong></span> <span class='ocrx_word' id='word_1_293' title='bbox 1442 3599 1495 3662; x_wconf 86' lang='lat' dir='ltr'><strong>vel</strong></span> <span class='ocrx_word' id='word_1_294' title='bbox 1514 3608 1644 3684; x_wconf 85' lang='lat' dir='ltr'><strong>quatuor</strong></span> <span class='ocrx_word' id='word_1_295' title='bbox 1665 3603 1799 3685; x_wconf 74' lang='lat' dir='ltr'><strong>putidus</strong></span> 
     </span>
     <span class='ocr_line' id='line_1_25' title="bbox 196 3719 1798 3804; baseline 0.002 -19"><span class='ocrx_word' id='word_1_296' title='bbox 196 3723 331 3786; x_wconf 68' lang='lat' dir='ltr'><strong>nainorm</strong></span> <span class='ocrx_word' id='word_1_297' title='bbox 352 3721 470 3802; x_wconf 71' lang='lat' dir='ltr'><strong>adaque</strong></span> <span class='ocrx_word' id='word_1_298' title='bbox 491 3720 663 3797; x_wconf 84' lang='lat' dir='ltr'><strong>substantia,</strong></span> <span class='ocrx_word' id='word_1_299' title='bbox 684 3721 833 3804; x_wconf 82' lang='lat' dir='ltr'><strong>reliquum</strong></span> <span class='ocrx_word' id='word_1_300' title='bbox 855 3723 984 3803; x_wconf 86' lang='lat' dir='ltr'><strong>spatium</strong></span> <span class='ocrx_word' id='word_1_301' title='bbox 1007 3719 1153 3802; x_wconf 84' lang='lat' dir='ltr'><strong>explente,</strong></span> <span class='ocrx_word' id='word_1_302' title='bbox 1177 3719 1351 3782; x_wconf 89' lang='lat' dir='ltr'><strong>circumdati</strong></span> <span class='ocrx_word' id='word_1_303' title='bbox 1373 3730 1473 3797; x_wconf 75' lang='lat' dir='ltr'><strong>erent3</strong></span> <span class='ocrx_word' id='word_1_304' title='bbox 1503 3723 1652 3785; x_wconf 85' lang='lat' dir='ltr'><strong>interdum</strong></span> <span class='ocrx_word' id='word_1_305' title='bbox 1674 3726 1735 3788; x_wconf 90' lang='lat' dir='ltr'><strong>duo</strong></span> <span class='ocrx_word' id='word_1_306' title='bbox 1759 3726 1798 3788; x_wconf 89' lang='lat' dir='ltr'><strong>ad</strong></span> 
     </span>
     <span class='ocr_line' id='line_1_26' title="bbox 196 3841 1798 3927; baseline 0.001 -19"><span class='ocrx_word' id='word_1_307' title='bbox 196 3855 258 3909; x_wconf 84' lang='lat' dir='ltr'><strong>tres</strong></span> <span class='ocrx_word' id='word_1_308' title='bbox 281 3865 337 3927; x_wconf 88' lang='lat' dir='ltr'><strong>per</strong></span> <span class='ocrx_word' id='word_1_309' title='bbox 357 3843 598 3925; x_wconf 82' lang='lat' dir='ltr'><strong>brevespatium</strong></span> <span class='ocrx_word' id='word_1_310' title='bbox 619 3863 680 3906; x_wconf 92' lang='lat' dir='ltr'><strong>una</strong></span> <span class='ocrx_word' id='word_1_311' title='bbox 702 3843 907 3920; x_wconf 88' lang='lat' dir='ltr'><strong>decurrebant,</strong></span> <span class='ocrx_word' id='word_1_312' title='bbox 929 3863 1002 3906; x_wconf 89' lang='lat' dir='ltr'><strong>mox</strong></span> <span class='ocrx_word' id='word_1_313' title='bbox 1023 3851 1122 3906; x_wconf 85' lang='lat' dir='ltr'><strong>tamen</strong></span> <span class='ocrx_word' id='word_1_314' title='bbox 1144 3843 1176 3904; x_wconf 89' lang='lat' dir='ltr'><strong>in</strong></span> <span class='ocrx_word' id='word_1_315' title='bbox 1199 3841 1333 3908; x_wconf 88' lang='lat' dir='ltr'><strong>diversas</strong></span> <span class='ocrx_word' id='word_1_316' title='bbox 1350 3845 1489 3924; x_wconf 81' lang='lat' dir='ltr'><strong>regiones</strong></span> <span class='ocrx_word' id='word_1_317' title='bbox 1512 3845 1629 3909; x_wconf 84' lang='lat' dir='ltr'><strong>ablnrri.</strong></span> <span class='ocrx_word' id='word_1_318' title='bbox 1662 3847 1798 3910; x_wconf 89' lang='lat' dir='ltr'><strong>lucana·</strong></span> 
     </span>
     <span class='ocr_line' id='line_1_27' title="bbox 196 3967 1798 4054; baseline 0.003 -22"><span class='ocrx_word' id='word_1_319' title='bbox 196 3970 276 4032; x_wconf 88' lang='lat' dir='ltr'><strong>libus</strong></span> <span class='ocrx_word' id='word_1_320' title='bbox 297 3967 358 4030; x_wconf 86' lang='lat' dir='ltr'><strong>illis</strong></span> <span class='ocrx_word' id='word_1_321' title='bbox 380 3967 576 4048; x_wconf 79' lang='lat' dir='ltr'><strong>amplificatis,</strong></span> <span class='ocrx_word' id='word_1_322' title='bbox 597 3985 694 4048; x_wconf 87' lang='lat' dir='ltr'><strong>prope</strong></span> <span class='ocrx_word' id='word_1_323' title='bbox 716 3967 852 4030; x_wconf 85' lang='lat' dir='ltr'><strong>canalem</strong></span> <span class='ocrx_word' id='word_1_324' title='bbox 875 3967 1070 4030; x_wconf 79' lang='lat' dir='ltr'><strong>medullarem</strong></span> <span class='ocrx_word' id='word_1_325' title='bbox 1092 3969 1166 4047; x_wconf 89' lang='lat' dir='ltr'><strong>sitis,</strong></span> <span class='ocrx_word' id='word_1_326' title='bbox 1189 3968 1349 4054; x_wconf 89' lang='lat' dir='ltr'><strong>inquibus,</strong></span> <span class='ocrx_word' id='word_1_327' title='bbox 1372 3975 1531 4051; x_wconf 86' lang='lat' dir='ltr'><strong>antequam</strong></span> <span class='ocrx_word' id='word_1_328' title='bbox 1553 3969 1671 4033; x_wconf 89' lang='lat' dir='ltr'><strong>acidum</strong></span> <span class='ocrx_word' id='word_1_329' title='bbox 1694 3972 1798 4037; x_wconf 87' lang='lat' dir='ltr'><strong>admo-</strong></span> 
     </span>
    </p>
   </div>
   <div class='ocr_carea' id='block_1_4' title="bbox 197 4089 1797 4926">
    <p class='ocr_par' dir='ltr' id='par_1_5' title="bbox 197 4089 1797 4794">
     <span class='ocr_line' id='line_1_28' title="bbox 198 4089 1796 4175; baseline 0.002 -20"><span class='ocrx_word' id='word_1_330' title='bbox 198 4103 262 4156; x_wconf 86' lang='lat' dir='ltr'><strong>tum</strong></span> <span class='ocrx_word' id='word_1_331' title='bbox 289 4094 400 4167; x_wconf 83' lang='lat' dir='ltr'><strong>iuerat,</strong></span> <span class='ocrx_word' id='word_1_332' title='bbox 428 4089 581 4154; x_wconf 85' lang='lat' dir='ltr'><strong>vesiculae</strong></span> <span class='ocrx_word' id='word_1_333' title='bbox 603 4089 747 4171; x_wconf 82' lang='lat' dir='ltr'><strong>adipesae</strong></span> <span class='ocrx_word' id='word_1_334' title='bbox 770 4090 951 4172; x_wconf 71' lang='lat' dir='ltr'><strong>conspicuae</strong></span> <span class='ocrx_word' id='word_1_335' title='bbox 981 4099 1078 4169; x_wconf 69' lang='lat' dir='ltr'><strong>mant,</strong></span> <span class='ocrx_word' id='word_1_336' title='bbox 1108 4099 1229 4175; x_wconf 77' lang='lat' dir='ltr'><strong>praeter</strong></span> <span class='ocrx_word' id='word_1_337' title='bbox 1248 4113 1324 4156; x_wconf 75' lang='lat' dir='ltr'><strong>vasa</strong></span> <span class='ocrx_word' id='word_1_338' title='bbox 1344 4095 1473 4173; x_wconf 85' lang='lat' dir='ltr'><strong>majora,</strong></span> <span class='ocrx_word' id='word_1_339' title='bbox 1502 4094 1553 4156; x_wconf 77' lang='lat' dir='ltr'><strong>vel</strong></span> <span class='ocrx_word' id='word_1_340' title='bbox 1575 4092 1606 4155; x_wconf 91' lang='lat' dir='ltr'><strong>in</strong></span> <span class='ocrx_word' id='word_1_341' title='bbox 1627 4095 1727 4161; x_wconf 87' lang='lat' dir='ltr'><strong>medio</strong></span> <span class='ocrx_word' id='word_1_342' title='bbox 1749 4099 1796 4159; x_wconf 82' lang='lat' dir='ltr'><strong>vel</strong></span> 
     </span>
     <span class='ocr_line' id='line_1_29' title="bbox 197 4187 1797 4300; baseline 0.001 -20"><span class='ocrx_word' id='word_1_343' title='bbox 197 4217 324 4298; x_wconf 76' lang='lat' dir='ltr'><strong>propius</strong></span> <span class='ocrx_word' id='word_1_344' title='bbox 345 4215 386 4276; x_wconf 86' lang='lat' dir='ltr'><strong>ad</strong></span> <span class='ocrx_word' id='word_1_345' title='bbox 406 4215 536 4297; x_wconf 82' lang='lat' dir='ltr'><strong>parietes</strong></span> <span class='ocrx_word' id='word_1_346' title='bbox 559 4214 754 4292; x_wconf 79' lang='lat' dir='ltr'><strong>decumantie,</strong></span> <span class='ocrx_word' id='word_1_347' title='bbox 777 4213 837 4278; x_wconf 85' lang='lat' dir='ltr'><strong>alie</strong></span> <span class='ocrx_word' id='word_1_348' title='bbox 857 4215 959 4277; x_wconf 84' lang='lat' dir='ltr'><strong>inveni</strong></span> <span class='ocrx_word' id='word_1_349' title='bbox 981 4215 1099 4278; x_wconf 81' lang='lat' dir='ltr'><strong>ndnora</strong></span> <span class='ocrx_word' id='word_1_350' title='bbox 1120 4197 1298 4282; x_wconf 83' lang='lat' dir='ltr'><strong>reticulatim</strong></span> <span class='ocrx_word' id='word_1_351' title='bbox 1320 4187 1398 4280; x_wconf 81' lang='lat' dir='ltr'><strong>inter</strong></span> <span class='ocrx_word' id='word_1_352' title='bbox 1418 4237 1452 4279; x_wconf 91' lang='lat' dir='ltr'><strong>se</strong></span> <span class='ocrx_word' id='word_1_353' title='bbox 1470 4219 1576 4298; x_wconf 86' lang='lat' dir='ltr'><strong>juncta</strong></span> <span class='ocrx_word' id='word_1_354' title='bbox 1598 4223 1628 4278; x_wconf 88' lang='lat' dir='ltr'><strong>et</strong></span> <span class='ocrx_word' id='word_1_355' title='bbox 1648 4239 1705 4300; x_wconf 89' lang='lat' dir='ltr'><strong>per</strong></span> <span class='ocrx_word' id='word_1_356' title='bbox 1727 4221 1797 4282; x_wconf 90' lang='lat' dir='ltr'><strong>sub-</strong></span> 
     </span>
     <span class='ocr_line' id='line_1_30' title="bbox 197 4338 1797 4422; baseline 0.004 -20"><span class='ocrx_word' id='word_1_357' title='bbox 197 4341 336 4402; x_wconf 86' lang='lat' dir='ltr'><strong>stantiam</strong></span> <span class='ocrx_word' id='word_1_358' title='bbox 357 4339 553 4405; x_wconf 82' lang='lat' dir='ltr'><strong>medullarem</strong></span> <span class='ocrx_word' id='word_1_359' title='bbox 575 4339 724 4421; x_wconf 70' lang='lat' dir='ltr'><strong>disparem</strong></span> <span class='ocrx_word' id='word_1_360' title='bbox 752 4338 805 4405; x_wconf 88' lang='lat' dir='ltr'><strong>ubi</strong></span> <span class='ocrx_word' id='word_1_361' title='bbox 835 4339 995 4404; x_wconf 76' lang='lat' dir='ltr'><strong>canaliculi</strong></span> <span class='ocrx_word' id='word_1_362' title='bbox 1023 4341 1195 4422; x_wconf 84' lang='lat' dir='ltr'><strong>amplificati</strong></span> <span class='ocrx_word' id='word_1_363' title='bbox 1216 4343 1247 4402; x_wconf 91' lang='lat' dir='ltr'><strong>in</strong></span> <span class='ocrx_word' id='word_1_364' title='bbox 1269 4339 1464 4403; x_wconf 84' lang='lat' dir='ltr'><strong>substantiam</strong></span> <span class='ocrx_word' id='word_1_365' title='bbox 1485 4341 1680 4422; x_wconf 69' lang='lat' dir='ltr'><strong>spongiosam</strong></span> <span class='ocrx_word' id='word_1_366' title='bbox 1701 4352 1797 4408; x_wconf 73' lang='lat' dir='ltr'><strong>narre-</strong></span> 
     </span>
     <span class='ocr_line' id='line_1_31' title="bbox 197 4463 1797 4547; baseline 0.006 -23"><span class='ocrx_word' id='word_1_367' title='bbox 197 4474 279 4541; x_wconf 80' lang='lat' dir='ltr'><strong>eunt,</strong></span> <span class='ocrx_word' id='word_1_368' title='bbox 298 4470 494 4544; x_wconf 72' lang='lat' dir='ltr'><strong>nunnunque</strong></span> <span class='ocrx_word' id='word_1_369' title='bbox 522 4463 597 4526; x_wconf 84' lang='lat' dir='ltr'><strong>retia</strong></span> <span class='ocrx_word' id='word_1_370' title='bbox 622 4464 783 4528; x_wconf 67' lang='lat' dir='ltr'><strong>rucuma</strong></span> <span class='ocrx_word' id='word_1_371' title='bbox 803 4463 962 4546; x_wconf 85' lang='lat' dir='ltr'><strong>perspicue</strong></span> <span class='ocrx_word' id='word_1_372' title='bbox 983 4465 1061 4528; x_wconf 88' lang='lat' dir='ltr'><strong>inter</strong></span> <span class='ocrx_word' id='word_1_373' title='bbox 1082 4485 1116 4528; x_wconf 87' lang='lat' dir='ltr'><strong>se</strong></span> <span class='ocrx_word' id='word_1_374' title='bbox 1137 4468 1306 4529; x_wconf 64' lang='lat' dir='ltr'><strong>celraerm</strong></span> <span class='ocrx_word' id='word_1_375' title='bbox 1351 4465 1455 4547; x_wconf 86' lang='lat' dir='ltr'><strong>ltaque</strong></span> <span class='ocrx_word' id='word_1_376' title='bbox 1475 4464 1539 4527; x_wconf 80' lang='lat' dir='ltr'><strong>veri</strong></span> <span class='ocrx_word' id='word_1_377' title='bbox 1561 4485 1651 4547; x_wconf 66' lang='lat' dir='ltr'><strong>pram</strong></span> <span class='ocrx_word' id='word_1_378' title='bbox 1669 4471 1797 4534; x_wconf 79' lang='lat' dir='ltr'><strong>maxime</strong></span> 
     </span>
     <span class='ocr_line' id='line_1_32' title="bbox 197 4584 1796 4672; baseline 0.003 -20"><span class='ocrx_word' id='word_1_379' title='bbox 197 4587 297 4652; x_wconf 85' lang='lat' dir='ltr'><strong>simile</strong></span> <span class='ocrx_word' id='word_1_380' title='bbox 317 4591 371 4661; x_wconf 75' lang='lat' dir='ltr'><strong>est,</strong></span> <span class='ocrx_word' id='word_1_381' title='bbox 393 4584 425 4646; x_wconf 89' lang='lat' dir='ltr'><strong>in</strong></span> <span class='ocrx_word' id='word_1_382' title='bbox 447 4585 621 4648; x_wconf 71' lang='lat' dir='ltr'><strong>malleolis</strong></span> <span class='ocrx_word' id='word_1_383' title='bbox 642 4587 837 4652; x_wconf 65' lang='lat' dir='ltr'><strong>sammullam</strong></span> <span class='ocrx_word' id='word_1_384' title='bbox 860 4607 981 4672; x_wconf 86' lang='lat' dir='ltr'><strong>quoqne</strong></span> <span class='ocrx_word' id='word_1_385' title='bbox 1002 4588 1137 4652; x_wconf 75' lang='lat' dir='ltr'><strong>nmulos</strong></span> <span class='ocrx_word' id='word_1_386' title='bbox 1158 4592 1291 4670; x_wconf 78' lang='lat' dir='ltr'><strong>majores</strong></span> <span class='ocrx_word' id='word_1_387' title='bbox 1313 4589 1479 4670; x_wconf 76' lang='lat' dir='ltr'><strong>cingentem</strong></span> <span class='ocrx_word' id='word_1_388' title='bbox 1496 4597 1559 4652; x_wconf 84' lang='lat' dir='ltr'><strong>rete</strong></span> <span class='ocrx_word' id='word_1_389' title='bbox 1580 4609 1724 4656; x_wconf 81' lang='lat' dir='ltr'><strong>vasorum</strong></span> <span class='ocrx_word' id='word_1_390' title='bbox 1745 4613 1796 4656; x_wconf 91' lang='lat' dir='ltr'><strong>ca-</strong></span> 
     </span>
     <span class='ocr_line' id='line_1_33' title="bbox 197 4707 675 4794; baseline -0.002 -20"><span class='ocrx_word' id='word_1_391' title='bbox 197 4709 351 4794; x_wconf 76' lang='lat' dir='ltr'><strong>pillariam</strong></span> <span class='ocrx_word' id='word_1_392' title='bbox 372 4707 548 4770; x_wconf 57' lang='lat' dir='ltr'><strong>mesine</strong></span> <span class='ocrx_word' id='word_1_393' title='bbox 570 4711 675 4789; x_wconf 72' lang='lat' dir='ltr'><strong>maJici.</strong></span> 
     </span>
    </p>

    <p class='ocr_par' dir='ltr' id='par_1_6' title="bbox 361 4830 1796 4926">
     <span class='ocr_line' id='line_1_34' title="bbox 361 4830 1796 4926; baseline 0.01 -32"><span class='ocrx_word' id='word_1_394' title='bbox 361 4831 395 4894; x_wconf 91' lang='lat' dir='ltr'><strong>Si</strong></span> <span class='ocrx_word' id='word_1_395' title='bbox 417 4830 601 4896; x_wconf 86' lang='lat' dir='ltr'><strong>canaliculos</strong></span> <span class='ocrx_word' id='word_1_396' title='bbox 624 4832 792 4915; x_wconf 86' lang='lat' dir='ltr'><strong>descriptos</strong></span> <span class='ocrx_word' id='word_1_397' title='bbox 814 4855 883 4898; x_wconf 73' lang='lat' dir='ltr'><strong>curm</strong></span> <span class='ocrx_word' id='word_1_398' title='bbox 905 4835 1003 4900; x_wconf 84' lang='lat' dir='ltr'><strong>canali</strong></span> <span class='ocrx_word' id='word_1_399' title='bbox 1025 4837 1184 4900; x_wconf 84' lang='lat' dir='ltr'><strong>medullari</strong></span> <span class='ocrx_word' id='word_1_400' title='bbox 1206 4847 1295 4922; x_wconf 86' lang='lat' dir='ltr'><strong>atque</strong></span> <span class='ocrx_word' id='word_1_401' title='bbox 1318 4859 1388 4904; x_wconf 88' lang='lat' dir='ltr'><strong>cum</strong></span> <span class='ocrx_word' id='word_1_402' title='bbox 1409 4841 1494 4904; x_wconf 85' lang='lat' dir='ltr'><strong>cellis</strong></span> <span class='ocrx_word' id='word_1_403' title='bbox 1510 4841 1796 4926; x_wconf 71' lang='lat' dir='ltr'><strong>subeundaeapon·</strong></span> 
     </span>
    </p>
   </div>
   <div class='ocr_carea' id='block_1_5' title="bbox 200 4957 1796 5050">
    <p class='ocr_par' dir='ltr' id='par_1_7' title="bbox 200 4957 1796 5050">
     <span class='ocr_line' id='line_1_35' title="bbox 200 4957 1796 5050; baseline 0.009 -34"><span class='ocrx_word' id='word_1_404' title='bbox 200 4961 304 5044; x_wconf 57' lang='grc' dir='ltr'><strong>Βίους</strong></span> <span class='ocrx_word' id='word_1_405' title='bbox 328 4976 546 5040; x_wconf 79' lang='lat' dir='ltr'><strong>comparamus,</strong></span> <span class='ocrx_word' id='word_1_406' title='bbox 569 4957 643 5022; x_wconf 88' lang='lat' dir='ltr'><strong>mire</strong></span> <span class='ocrx_word' id='word_1_407' title='bbox 666 4979 756 5043; x_wconf 84' lang='lat' dir='ltr'><strong>qnam</strong></span> <span class='ocrx_word' id='word_1_408' title='bbox 778 4961 855 5024; x_wconf 87' lang='lat' dir='ltr'><strong>telae</strong></span> <span class='ocrx_word' id='word_1_409' title='bbox 878 4982 985 5027; x_wconf 86' lang='lat' dir='ltr'><strong>osseae</strong></span> <span class='ocrx_word' id='word_1_410' title='bbox 1007 4964 1085 5028; x_wconf 87' lang='lat' dir='ltr'><strong>inter</strong></span> <span class='ocrx_word' id='word_1_411' title='bbox 1105 4983 1139 5028; x_wconf 89' lang='lat' dir='ltr'><strong>se</strong></span> <span class='ocrx_word' id='word_1_412' title='bbox 1161 4973 1331 5050; x_wconf 78' lang='lat' dir='ltr'><strong>congnrunt</strong></span> <span class='ocrx_word' id='word_1_413' title='bbox 1353 4967 1467 5030; x_wconf 88' lang='lat' dir='ltr'><strong>lormae</strong></span> <span class='ocrx_word' id='word_1_414' title='bbox 1490 4967 1680 5048; x_wconf 84' lang='lat' dir='ltr'><strong>principales.</strong></span> <span class='ocrx_word' id='word_1_415' title='bbox 1720 4969 1796 5030; x_wconf 87' lang='lat' dir='ltr'><strong>Sunt</strong></span> 
     </span>
    </p>
   </div>
   <div class='ocr_carea' id='block_1_6' title="bbox 0 0 2432 5896">
    <p class='ocr_par' dir='ltr' id='par_1_8' title="bbox 0 0 2432 5896">
     <span class='ocr_line' id='line_1_36' title="bbox 0 0 2432 5896; baseline 0 0"><span class='ocrx_word' id='word_1_416' title='bbox 0 0 2432 5896; x_wconf 95' lang='lat' dir='ltr'><strong> </strong></span> 
     </span>
    </p>
   </div>
  </div>
 </body>
</html>
