4856 5896
947 1937 1033 1999 chr.
1056 1937 1109 2021 lv,

244 2074 554 2164 ,ANNOTATA
591 2076 847 2168 uusuuuu
879 2080 953 2156 nr
991 2035 1310 2156 ousuuvnrn
1344 2080 1414 2154 nn
1451 2078 1592 2156 runt
1627 2075 1803 2154 ossus

386 2217 637 2294 euunruu
661 2221 889 2296 noanon
916 2222 971 2296 ru
996 2221 1135 2300 nuris
1165 2221 1323 2298 runis
1347 2219 1670 2298 uxonrnuru

228 2383 337 2503 Nihil
360 2443 517 2524 reperitur,
539 2445 623 2528 quod
645 2447 766 2528 saepius
789 2455 819 2510 et
849 2449 1041 2512 observatum
1071 2459 1101 2511 et
1129 2449 1311 2530 descriptum
1333 2449 1386 2524 sit,
1418 2468 1509 2530 quoru
1538 2448 1669 2530 partium
1695 2445 1831 2510 mollium

230 2563 372 2628 morboso
395 2567 566 2644 ussiticatio,
589 2588 646 2630 nec
668 2569 766 2632 ullum
787 2573 857 2648 iere,
880 2580 913 2633 ut
935 2592 973 2634 ex
995 2572 1146 2634 uberrima
1169 2571 1375 2652 exemplorum
1398 2593 1416 2634 a
1439 2570 1590 2634 Meckel
1614 2569 1665 2652 (i)
1689 2569 1832 2632 collecto-

229 2706 296 2749 rum
320 2691 409 2770 copie
430 2690 532 2772 liquet,
555 2699 601 2752 est
623 2712 768 2772 organon,
791 2693 821 2753 iu
845 2713 905 2774 quo
929 2692 981 2754 illa
1003 2713 1066 2757 non
1096 2695 1134 2756 sit
1156 2694 1350 2776 deprehensa.
1398 2699 1495 2774 Quam
1518 2694 1549 2754 iu
1572 2711 1636 2754 rem
1665 2693 1832 2754 accuratius

229 2810 390 2904 inquirenti
412 2812 542 2891 primum
564 2813 698 2873 exoritur
720 2813 864 2895 quaestio,
887 2821 988 2876 utrmu
1010 2816 1067 2878 hae
1088 2822 1189 2896 portes
1213 2815 1380 2878 osstncaue
1402 2834 1475 2876 vera
1496 2815 1557 2877 tela
1580 2835 1669 2878 ossea
1688 2821 1833 2888 constent,

230 2953 269 2994 an
292 2945 390 2994 terreo
411 2939 525 2997 tautum
547 2915 607 2997 sini
629 2938 859 2998 concrementa?
902 2937 975 3000 Non
998 2939 1070 3000 satis
1093 2945 1175 3002 certo
1200 2945 1289 3020 atque
1312 2943 1450 3000 accurate
1471 2937 1527 2998 hac
1550 2937 1588 2998 da
1618 2955 1651 2998 re
1679 2938 1833 3018 hucusque

231 3053 426 3135 dijudicatum
449 3065 505 3124 est.
549 3058 698 3120 Penada
721 3056 774 3140 (2)
804 3079 909 3124 omnes
937 3061 981 3122 nil
1003 3061 1060 3124 nisi
1083 3062 1291 3124 concretiones
1313 3060 1574 3142 pseudo-osseas,
1602 3065 1663 3122 tarn
1685 3065 1835 3122 structura

232 3199 321 3261 quam
342 3181 486 3243 mixtione
508 3181 640 3244 chemica
662 3183 782 3245 averia
806 3183 926 3246 ossibus
949 3183 1084 3248 diversas
1107 3204 1174 3246 esse
1197 3185 1368 3258 arbitratur;
1392 3189 1498 3245 contra
1521 3181 1673 3246 Meckci
1695 3180 1833 3244 substau-

231 3303 290 3365 tiae
312 3323 383 3366 vere
406 3325 513 3368 osseae
535 3305 717 3368 imitamenta
740 3305 1206 3388 esseputut31argiturtameu,
1230 3307 1368 3368 accidere
1390 3306 1553 3381 interdum,
1581 3273 1615 3368 ut
1644 3315 1745 3388 partes
1768 3311 1833 3370 tau-

233 3434 295 3488 tum
317 3447 390 3488 vcra
412 3448 483 3491 ossa
504 3430 718 3492 constituentes
740 3430 907 3510 gignantur,
929 3450 1028 3513 neque
1050 3450 1125 3493 vero
1148 3433 1246 3493 iorma
1267 3449 1374 3492 eorum
1402 3431 1568 3509 effingetur.
1623 3430 1740 3490 »Uuter
1761 3427 1834 3488 wel·
1857 3501 1872 3516 „

239 3550 335 3612 »cher
355 3551 482 3628 Form,«
510 3552 613 3634 inquit,
641 3552 1234 3635 »dieregeiwidrigeKnochensubstanz
1258 3553 1333 3614 auch
1346 3553 1507 3630 ersoheiue,
1530 3551 1675 3614 bietetsie
1697 3551 1738 3612 im
1760 3553 1834 3611 We-

239 3673 423 3736 »senttichen
446 3674 598 3738 dieselbeu
617 3676 862 3757 Erscheinungen
885 3677 948 3754 dar,
972 3677 1016 3738 als
1039 3677 1094 3738 der
1115 3675 1251 3739 normale
1275 3676 1430 3738 Knochen.
1465 3675 1516 3736 Sie
1539 3673 1709 3736 durchiiinit
1730 3673 1836 3734 immor

239 3793 416 3858 adicselbcn
437 3798 595 3874 Perioden,
616 3799 729 3860 welche
752 3799 800 3860 die
822 3799 953 3878 Biidung
976 3798 1029 3859 dos
1051 3799 1276 3877 gewithnlichen
1300 3798 1461 3860 Knochens
1486 3796 1676 3871 bezeichnen,
1697 3795 1760 3856 und
1783 3795 1835 3856 bc-

239 3919 357 3982 ‚undet
382 3921 445 3982 sich
474 3921 599 4000 auiaugs
629 3919 660 3982 in
690 3921 786 3982 ciuem
812 3919 1047 4002 gailcrtartigeu,
1077 3919 1187 3980 darauf
1204 3920 1235 3982 in
1258 3921 1355 3986 ciuem
1377 3917 1556 4000 knorpiigen
1579 3917 1744 3992 Zustande,
1774 3915 1836 3978 und

240 4023 317 4105 »aus
339 4043 452 4106 diesem
475 4011 611 4124 iinorpel
634 4043 811 4106 entwickelu
825 4044 888 4106 sich
911 4043 982 4104 baid
1004 4044 1097 4120 mehr,
1119 4042 1191 4104 bald
1213 4043 1345 4122 weniger
1368 4041 1630 4104 Knochenkerne«
1658 4039 1723 4124 (3).
1770 4039 1837 4101 'i'aii

236 4165 353 4228 ratione
380 4167 446 4232 ficri
475 4165 820 4245 concretiones‘osseas‚
848 4168 963 4248 primus
986 4168 1157 4230 observavit
1178 4165 1318 4230 Hallcr
1341 4164 1410 4250 (i),
1439 4165 1491 4246 qui
1520 4165 1551 4226 in
1580 4163 1687 4225 eodem
1717 4162 1837 4224 homine

235 4290 333 4353 vario
361 4290 494 4354 »sedes«
522 4292 717 4354 flavescentes
740 4290 771 4352 iu
794 4297 879 4353 corto
900 4291 1028 4368 invenit,
1062 4311 1189 4373 quarum
1217 4289 1294 4351 aliae
1320 4309 1444 4352 succum
1462 4288 1592 4366 tiavuru,
1625 4285 1714 4368 putei,
1748 4305 1837 4368 quani

396 4569 437 4636 (1)
456 4573 480 4624 Ι.
498 4573 530 4624 tt.
549 4573 711 4638 nteckel,
730 4574 832 4638 cathol.
851 4576 930 4626 Anat.
948 4573 997 4625 nn.
1016 4573 1057 4625 11.
1075 4573 1192 4626 hornen.
1211 4571 1238 4624 2.
1256 4589 1284 4636 p.
1302 4569 1474 4624 lffl-m.

291 4657 296 4666 “
398 4653 441 4725 (2)
462 4659 612 4724 Penuria,
630 4662 723 4725 Sergio
742 4664 771 4712 ‹tt
788 4678 919 4714 oaaerraa.
957 4659 1047 4710 Perlua
1066 4660 1146 4713 liiw.
1183 4657 1586 4724 ct.nteckett.c.p.161.

397 4743 822 4813 (³)uteeke1,1.c.p.1o³.

397 4829 438 4902 (4)
457 4837 488 4887 Α.
507 4835 646 4898 Hailer,
669 4853 758 4900 opusc.
783 4840 854 4900 path.
880 4840 959 4890 Laut.
977 4833 1058 4890 nto.
1077 4836 1108 4888 Τ.
1133 4836 1156 4889 1.
1174 4853 1201 4902 p.
1220 4835 1282 4891 ffl.
1300 4861 1338 4874 -
1354 4837 1493 4888 Eiencnta
1510 4833 1624 4898 physici.
1642 4832 1674 4886 T.
1692 4829 1763 4880 vlit.
1782 4843 1840 4892 pers

237 4924 275 4980 11.
292 4939 319 4998 p.
339 4921 383 4978 16.

1402 5021 1521 5085 ,61
