4768 5894
1359 535 1438 610 too

604 747 727 810 sublatis
749 747 815 809 lieri
838 744 1061 809 demonstrarit.
1113 745 1211 807 »Vera
1233 741 1347 824 ipitius
1375 742 1478 826 inquit,
1504 741 1720 824 asepamtionis
1742 741 1825 806 illius
1845 743 1923 807 natio
1944 742 1977 805 in
1999 739 2188 807 subductione

603 871 817 950 particularum
840 877 899 947 est,
922 889 998 952 qnae
1020 870 1097 930 inter
1117 866 1215 931 vivam
1238 873 1446 949 mortuamque
1468 873 1584 946 partem
1606 866 1711 939 allines
1732 866 1790 930 eibi
1812 867 1951 946 adjacent
1972 866 2191 946 cohaereatqna,

605 993 646 1056 ita
656 1001 765 1070 umen,
787 991 999 1075 utplurimum
1022 1012 1040 1052 a
1061 991 1139 1066 viva,-
1161 990 1297 1054 nonnilul
1312 989 1393 1052 etat
1416 996 1552 1052 emortua
1574 995 1658 1069 parte
1681 991 1860 1053 amentum
1909 990 1992 1052 llaec
2013 988 2194 1052 sententiaa

605 1117 838 1184 Weidmauu
867 1116 999 1196 prolata,
1027 1115 1156 1196 partium
1185 1119 1388 1177 emortuarum
1415 1111 1636 1193 separationem
1658 1113 1848 1192 resorptione
1868 1112 1988 1192 pertici,
2011 1131 2030 1172 a
2053 1111 2195 1194 plerisque

605 1248 766 1322 postcunt
787 1240 963 1302 confirmata
982 1245 1036 1314 est,
1060 1249 1149 1319 atque
1171 1236 1293 1299 omnino
1317 1235 1455 1316 congruit
1477 1255 1546 1298 cum
1568 1233 1623 1311 iis,
1642 1255 1734 1317 quae
1753 1236 1818 1317 ipse
1840 1236 1897 1296 hnc
1918 1235 1957 1296 de
1978 1255 2013 1297 re
2035 1233 2195 1298 observavi.

765 1363 798 1424 Si
825 1361 904 1423 enim
932 1361 1017 1422 vario
1041 1367 1175 1442 tempore
1198 1379 1269 1422 ossa
1291 1359 1410 1422 uecroai
1432 1359 1539 1420 allecta
1560 1365 1769 1439 persecantur,
1796 1357 1907 1422 laaecee
1929 1357 2017 1420 nobis
2040 1375 2109 1419 sese
2131 1357 2198 1418 ode

606 1493 684 1550 runt.
730 1486 836 1548 Primis
859 1485 964 1546 diebus
987 1483 1116 1563 deliniri,
1140 1490 1285 1565 quatenus
1307 1487 1409 1562 pateat
1430 1480 1574 1557 nameus,
1596 1481 1716 1563 neqnit3
1737 1498 1920 1564 quamquam
1942 1481 2030 1544 color
2052 1479 2201 1544 ineatima

606 1610 764 1690 superlicio
792 1615 923 1672 mutatos
952 1607 1153 1687 conspicitur,
1182 1607 1231 1668 laic
1254 1613 1353 1666 umen
1375 1604 1406 1668 in
1429 1603 1566 1666 colorem
1584 1603 1668 1668 ‘ossis
1689 1621 1797 1667 sanum
1819 1605 1860 1666 ita
1881 1623 1938 1684 per
1958 1604 2070 1684 gradus
2091 1603 2201 1676 transit

607 1740 641 1795 ut
662 1742 761 1794 certus
792 1733 869 1792 iuter
891 1737 1050 1812 utrumque
1073 1730 1159 1790 limes
1183 1726 1365 1807 deprehendi
1388 1734 1527 1808 nequeat.
1571 1727 1690 1789 Sensim
1712 1745 1787 1789 vero
1809 1727 1969 1789 rarelaotio
1992 1725 2136 1809 quaedam
2158 1733 2202 1786 te·

608 1857 656 1917 lae
675 1845 785 1916 msere
807 1853 979 1934 percipitur,
1001 1851 1159 1913 canaliculi
1181 1849 1258 1911 euim
1283 1849 1463 1912 medullares
1484 1849 1532 1912 hie
1554 1849 1618 1912 illic
1639 1850 1811 1930 amplificati
1834 1858 1987 1930 apparent,
2010 1849 2051 1911 ita
2071 1848 2202 1931 utquaai

609 1978 711 2058 diplod
734 1975 879 2059 quaedam
903 1975 1030 2049 oriatur,
1052 1977 1140 2052 qurrs
1162 1971 1290 2034 cellulae
1313 1971 1477 2035 substantia
1498 1971 1628 2054 quadam
1652 1972 1752 2048 molli,
1774 1972 1951 2034 rubescente
1974 1973 2107 2053 repletae
2129 1979 2203 2034 sant

506 2135 510 2144 ·
609 2101 794 2162 Oellularum
818 2099 946 2178 parietes
969 2097 1062 2176 magis
1081 2099 1146 2176 jam
1168 2096 1321 2177 magisque
1344 2095 1375 2156 in
1398 2096 1462 2158 dies
1492 2094 1643 2156 extenuati
1671 2093 1792 2161 undem
1821 2095 1864 2156 ita
1892 2111 2018 2176 prorsas
2047 2095 2204 2175 disparent,

608 2231 641 2286 nt
670 2243 706 2286 os
736 2223 837 2284 vuum
860 2213 950 2303 atque
973 2226 1142 2282 emortuum
1165 2237 1254 2280 ossea
1275 2217 1442 2278 substantia
1464 2236 1526 2279 non
1549 2217 1679 2298 amplius
1701 2219 1779 2280 inter
1800 2237 1834 2279 se
1853 2219 2033 2298 jungantur3
2057 2218 2206 2280 neoeodea

609 2365 681 2429 pars
707 2348 771 2424 jam
800 2343 921 2405 noumsi
951 2359 1007 2421 per
1034 2339 1167 2419 singulas
1197 2340 1289 2400 libras
1318 2338 1506 2400 tenuissimas
1529 2339 1622 2415 molli,
1652 2361 1742 2422 ᾳιιιιιι
1765 2340 1835 2416 dixi,
1863 2340 2046 2404 substantiae
2069 2341 2206 2404 adureret

610 2475 785 2548 motamque
813 2463 956 2538 admittit,
984 2461 1103 2523 tandem
1133 2460 1226 2526 librar
1256 2460 1328 2521 illae
1356 2461 1405 2521 vel
1426 2469 1536 2540 sponte
1559 2461 1717 2524 discedunt
1737 2464 1786 2524 vel
1810 2464 1897 2526 facile
1918 2464 2046 2526 discindi
2066 2471 2206 2545 possmta

611 2610 672 2672 qno
700 2591 795 2663 lacto,
824 2584 977 2648 exsoliatio
1006 2583 1091 2646 linita
1119 2589 1179 2660 est,
1209 2588 1297 2664 atque
1328 2603 1363 2646 os
1386 2589 1481 2646 strato
1503 2583 1686 2647 substantiae
1706 2585 1790 2648 illius
1813 2585 1912 2651 mollis
1935 2587 2124 2650 rubescentis
2147 2587 2205 2650 sire

611 2709 867 2794 granulationibns
897 2701 1059 2770 obductum
1088 2707 1120 2768 in
1150 2711 1345 2786 conspectum
1376 2707 1466 2770 veuit
1497 2739 1537 2756 -
1585 2707 1649 2768 liae
1671 2710 1922 2774 commutationes
1944 2711 2024 2772 hand
2046 2710 2209 2792 aequaliter

611 2836 668 2898 snb
690 2841 752 2896 tota
774 2831 864 2896 simul
884 2837 971 2912 parte
993 2828 1153 2906 necrotica,
1173 2830 1230 2892 sed
1252 2829 1380 2910 primum
1402 2829 1434 2890 in
1456 2829 1590 2909 margine
1613 2838 1753 2905 extento,
1788 2851 1956 2907 oronam,
1989 2853 2078 2914 quam
2100 2833 2208 2907 dicant

611 2961 643 3021 in
665 2977 703 3020 eo
726 2957 915 3036 eifmgentes,
942 2952 1176 3033 conspiciuntur,
1198 2951 1327 3034 indeque
1349 2951 1504 3033 paullatim
1527 2971 1634 3015 versus
1656 2953 1754 3014 media
1777 2953 2010 3034 progrediuntur
2032 2963 2048 3031 (
2069 2999 2076 3017 .
2101 2955 2137 3018 Τ.
2159 2957 2208 3016 tv.

606 3081 662 3162 lig.
684 3079 732 3156 ἓ.)

773 3201 879 3262 Elucet
902 3217 941 3260 ex
961 3198 1023 3274 laia,
1045 3217 1081 3258 ea
1103 3206 1202 3279 parte,
1225 3217 1285 3278 qua
1307 3217 1342 3260 os
1366 3205 1535 3260 emortuum
1558 3206 1588 3260 et
1609 3198 1711 3262 vivum
1731 3200 1810 3261 inter
1833 3220 1866 3262 se
1889 3202 2083 3282 contingunt,
2114 3221 2210 3264 resor-

614 3311 748 3406 ptionem
769 3323 898 3385 existere
919 3319 1101 3384 substantiae
1123 3339 1245 3398 osseae,
1269 3339 1287 3379 a
1307 3321 1497 3398 canalicadis,
1519 3331 1554 3384 ut
1575 3321 1706 3398 videtur,
1730 3320 1945 3388 medrrllaribus
1967 3296 2211 3404 proticiscentem,

614 3447 744 3528 indeque
765 3443 919 3525 paullatim
932 3442 1041 3504 mortui
1053 3447 1083 3502 et
1097 3441 1157 3502 viui
1174 3441 1296 3504 interae
1319 3444 1536 3505 cohaerentiam
1549 3445 1653 3506 sularui
1675 3445 1854 3528 tandemque
1876 3465 2002 3526 prorsus
2026 3447 2211 3523 dissoluti).

614 3574 713 3635 Porro
735 3569 868 3643 lacunas,
891 3571 982 3646 prout
1003 3563 1113 3626 sensim
1137 3563 1283 3639 oriuntur,
1306 3564 1472 3626 substantia
1494 3565 1580 3627 molli
1601 3567 1737 3630 ualemus
1760 3567 1879 3649 repleri,
1902 3587 1989 3650 quae,
2011 3573 2146 3650 perlecta
2164 3590 2211 3632 sa-

615 3694 786 3778 paratione,
816 3693 910 3752 strato
937 3687 1032 3749 modo
1059 3686 1207 3749 crassiore
1236 3687 1330 3749 modo
1352 3688 1488 3750 tenuiore
1511 3707 1547 3752 os
1570 3689 1708 3767 obducit,
1737 3711 1795 3771 pus
1818 3692 1947 3754 secernit
1969 3701 1999 3753 et
2021 3693 2051 3754 in
2074 3694 2213 3774 granula·

613 3820 712 3880 tiones
749 3813 887 3893 assurgit.
944 3812 1030 3876 lianc
1066 3811 1160 3890 ipsam
1190 3809 1384 3873 substantiam
1414 3831 1470 3892 pro
1500 3831 1571 3876 osse
1598 3813 1735 3876 emollito
1765 3813 1901 3896 plerique
1928 3815 2047 3878 labora
2100 3817 2214 3880 Verum

614 3942 689 3998 haec
720 3935 857 3997 doctrina
884 3953 982 4014 neque
1011 3953 1079 3994 curn
1108 3933 1210 4012 genesi
1239 3953 1337 4014 neque
1366 3953 1435 3996 oum
1464 3942 1615 3997 structura
1636 3935 1718 3998 illius
1741 3936 1923 3999 substantiae
1946 3939 2102 4018 oenqruiu
2128 3941 2215 4018 cujas

615 4057 824 4122 lonuationem
848 4073 866 4114 a
889 4055 986 4134 prima
1009 4054 1125 4132 origine
1146 4063 1360 4135 persequentes
1383 4057 1527 4135 primum,
1555 4057 1585 4116 id
1606 4057 1692 4137 qnod
1710 4060 1775 4136 J'am
1798 4061 1918 4138 Troja
1942 4059 2012 4139 (2),
2042 4061 2218 4124 observator

617 4180 735 4262 egregie
758 4177 875 4240 subtilis
897 4183 987 4258 atque
1009 4175 1150 4254 diligens,
1182 4177 1416 4252 demonstrauit,
1439 4179 1590 4239 materiem
1614 4178 1782 4242 invenimus
1803 4182 2016 4257 rubicundam,
2045 4203 2154 4264 parum
2175 4193 2217 4246 ta-

617 4322 740 4376 uaeem,
763 4303 824 4361 iere
846 4299 1055 4380 gelatiuosarm
1084 4297 1191 4360 seriori
1214 4303 1364 4379 tempore,
1395 4319 1486 4380 quum
1510 4300 1563 4362 ilia
1594 4301 1749 4383 aliquanto
1771 4304 1900 4367 solidior
1921 4306 2000 4368 iacta
2021 4314 2097 4382 est,
2111 4308 2218 4371 micro-

618 4471 936 4492 W*

781 4574 823 4646 (i)
843 4578 906 4626 sota
924 4583 1085 4643 rraorptiona
1104 4583 1154 4630 laco
1173 4583 1277 4644 paracl,
1301 4581 1516 4632 luculentiaairae
1533 4592 1639 4647 apparet
1658 4567 1708 4636 rte.
1729 4586 1770 4647 fig.
1790 4585 1816 4640 2.
1835 4603 1860 4641 c.
1879 4589 1931 4643 tab.
1951 4589 2000 4641 il'l.
2020 4613 2055 4626 -
2091 4591 2219 4656 Scarpa

618 4681 644 4723 rt
663 4673 730 4720 liau
741 4667 839 4717 nertii
858 4683 886 4715 oa
905 4667 949 4716 laic
968 4669 1082 4715 emolliri
1104 4669 1245 4718 voluerunt
1261 4677 1341 4733 atque
1360 4672 1487 4732 expendia
1506 4685 1598 4720 rerunt
1617 4687 1706 4736 araque
1723 4689 1752 4722 or
1770 4675 1867 4725 duriam
1883 4678 1913 4724 in
1931 4675 2039 4726 molleta
2050 4681 2218 4730 carunculam

618 4760 755 4824 paullatim
782 4757 885 4816 transit,
912 4770 999 4817 neque
1022 4755 1163 4804 rarelactlo
1187 4757 1257 4806 triae
1281 4773 1343 4808 euna
1367 4759 1531 4806 incremento
1557 4759 1701 4810 volantati
1727 4764 1831 4825 existit,
1855 4765 1903 4814 aad
1928 4765 2005 4814 nulla
2023 4765 2077 4814 alia
2094 4783 2124 4816 re
2142 4783 2220 4832 quan

617 4847 758 4899 aulerruda
776 4845 885 4893 materie
904 4859 976 4894 osaea
995 4843 1093 4893 existit.

780 4926 822 4998 (2)
841 4929 953 4994 Troja,
972 4947 1042 4980 nene
1061 4929 1280 4994 fleetneatuagaa
1297 4949 1325 4990 u,
1343 4931 1416 4983 Vera.
1435 4947 1462 4998 p.
1481 4931 1526 4984 0⁴.
