4784 5894
1351 523 1405 602 86

575 744 608 808 iu
630 742 676 818 iia,
697 741 751 823 qui
772 738 901 802 alneum
922 737 1054 818 partium
1072 735 1274 801 commonete
1302 733 1495 812 laborarunt,
1524 732 1653 796 advertit
1678 743 1850 816 nomenque
1879 733 2111 810 „commeator
2133 733 2186 798 dea

575 872 635 930 os“
659 866 687 928 ei
705 864 821 928 indidit.
854 863 890 924 Iu
909 879 981 926 casu
998 880 1062 925 uno
1080 880 1147 924 eam
1169 859 1282 922 exoriri
1302 860 1379 922 vidit
1400 859 1519 922 duobus
1542 859 1694 924 mensibus
1716 863 1879 940 postquam
1900 877 2030 924 mamma
2050 859 2188 923 carcino-

576 997 656 1054 mate
686 995 831 1070 correpta·
857 975 1009 1066 amputata
1031 986 1144 1060 iuerat,
1173 984 1205 1046 iu
1227 984 1322 1046 altera
1344 1005 1405 1048 una
1426 1004 1497 1046 cum
1519 985 1720 1048 carcinomate
1742 1003 1890 1048 menturae
1911 989 2044 1074 tumores
2066 984 2187 1064 lungoai

577 1114 702 1178 aderant
722 1114 898 1188 mamare,
921 1111 952 1172 in
974 1109 1098 1172 brechio
1122 1115 1210 1190 atque
1233 1109 1264 1168 in
1287 1108 1443 1184 clavicula,
1467 1127 1537 1170 oum
1559 1107 1717 1174 doloribus
1740 1107 1941 1189 pungentibus
1964 1107 2184 1194 (inquinantes)
2218 1084 2221 1092 ¹

578 1239 700 1302 easdem
708 1244 810 1318 partes
818 1235 1025 1298 obsidentibus
1033 1233 1195 1312 conjuncti.
1213 1231 1485 1313 lndeFrancogalli
1496 1233 1552 1296 sub
1573 1239 1908 1298 ostensarcomate
1924 1233 2188 1296 emaummmoto

580 1364 694 1426 ossium
718 1361 965 1441 degenerationes
987 1358 1113 1437 intelligi
1135 1356 1257 1434 volunt,
1288 1377 1364 1438 quae
1388 1357 1582 1420 carcinomati
1604 1357 1734 1437 partium
1756 1357 1893 1422 mollium
1915 1357 2115 1437 respondent,
2138 1355 2192 1442 (l)

584 1507 677 1569 quum
698 1486 806 1567 reliqui
829 1505 934 1550 omnes
957 1485 1067 1562 fungos
1098 1481 1213 1544 ossium
1239 1481 1298 1544 hoc
1320 1481 1442 1544 nominc
1461 1481 1630 1562 significare
1648 1480 1774 1544 soleant.
1815 1481 1932 1546 vocem
1952 1487 2191 1544 «osteostea-

580 1619 711 1672 tomo»
736 1614 825 1672 Otto
851 1607 906 1694 (2)
939 1615 973 1670 ut
995 1606 1124 1669 similem
1152 1625 1274 1668 sensum
1304 1605 1462 1666 habentem
1492 1605 1591 1680 affert3
1628 1625 1689 1688 qua
1717 1606 1883 1668 Mueller
1917 1605 2075 1686 (praelect.
2109 1613 2191 1670 auat.

579 1735 712 1819 palluel.)
735 1741 884 1796 tumorem
907 1710 1052 1796 fabrorum
1074 1731 1221 1810 benignae
1243 1729 1354 1792 indolis
1379 1729 1609 1810 significandum
1637 1737 1751 1808 comet,
1778 1731 1831 1812 qui
1853 1731 1885 1792 in
1907 1731 2057 1810 pericsteo
2086 1729 2188 1794 sedem

581 1860 689 1922 habeat
717 1865 805 1940 atque
834 1857 865 1920 iu
892 1856 1027 1936 ejusdem
1050 1854 1265 1937 hyperbophia
1288 1855 1404 1935 positus
1428 1855 1476 1920 sit.
1531 1854 1621 1918 Tales
1649 1861 1784 1918 tumores
1812 1855 1956 1935 imprimis
1978 1855 2010 1918 'm
2031 1854 2114 1936 pelvi
2136 1854 2190 1918 ola

580 1984 691 2048 servati
714 1989 791 2059 sunt,
814 1979 1013 2062 miguumque
1037 2000 1083 2058 eo,
1107 1980 1189 2062 quod
1210 1985 1329 2060 parturn
1352 1979 1526 2060 inpediunt,
1549 1979 1718 2060 periculum
1740 1981 1847 2042 offerre
1869 1985 2006 2060 possunt.

1301 2211 1328 2265 4.
1348 2214 1475 2278 Cystea.

742 2357 882 2434 Cystcs
906 2341 936 2414 in
959 2352 1079 2416 ossibus
1102 2350 1223 2428 exoriri,
1246 2371 1309 2413 non
1332 2351 1573 2413 animadversum
1595 2357 1640 2438 est
1663 2352 1855 2429 auctoribus,
1878 2353 2189 2434 primuslieateffi)

580 2480 655 2542 tales
679 2479 857 2542 observasse
878 2476 1009 2550 videtum
1033 2476 1194 2556 pluresque
1217 2481 1288 2554 post
1310 2491 1378 2536 eum
1396 2475 1487 2554 hujus
1504 2474 1602 2540 morbi
1619 2476 2036 2556 exemplacoumruuicaruut
2071 2478 2189 2542 Keate

580 2605 611 2666 iu
633 2602 743 2685 puella,
767 2621 844 2684 quac
866 2600 898 2662 in
920 2619 989 2663 osse
1012 2598 1119 2662 frontis
1142 2605 1290 2660 amtorem
1312 2605 1437 2662 camma
1458 2599 1559 2679 specie
1578 2599 1850 2662 exostosisimilem
1866 2601 2030 2679 exhibebat,
2054 2609 2190 2683 opertum

582 2747 690 2808 rrragna
716 2726 893 2807 hydatidum
923 2724 1026 2806 copia,
1055 2722 1149 2786 iluido
1180 2723 1312 2804 quodam
1340 2743 1448 2786 seroso
1478 2723 1745 2800 circumdatorum,
1774 2724 1922 2805 repletum
1943 2725 2067 2789 invenit.
2112 2727 2190 2790 Fere

581 2852 688 2916 eodem
710 2857 846 2931 tempore
870 2847 1067 2912 Cullerier
1089 2846 1147 2932 (4)
1170 2847 1268 2910 virum
1290 2849 1407 2910 curavit
1428 2853 1577 2910 mmorem
1600 2847 1716 2912 odeas
1739 2855 1892 2930 expertem
1914 2851 1946 2912 in
1967 2851 2117 2914 anteriore
2139 2871 2190 2914 sar·

581 2977 703 3057 perficio
726 2974 816 3037 tibiae
847 2979 1014 3053 gerentemr
1045 2971 1195 3051 applicato
1226 2972 1360 3033 cautemc
1390 2979 1421 3032 et
1448 2973 1529 3034 ferro
1558 2971 1705 3034 carrdente
1735 2993 1843 3036 cavum
1873 2975 1951 3037 ossis
1981 2981 2118 3055 apertum
2146 2959 2190 3038 est

582 3119 722 3177 magnaeo
749 3099 811 3158 vim
842 3115 1006 3176 corporum
1034 3094 1238 3156 vesicrrlarum
1267 3095 1409 3158 similium
1437 3095 1608 3168 cananeum
1638 3115 1768 3178 quorum
1796 3098 1958 3160 marimum
1980 3099 2105 3180 digitum
2127 3119 2190 3162 am-

582 3222 663 3304 plius
693 3220 838 3284 (demetra
870 3208 1055 3298 complebat,
1085 3217 1233 3298 pluraque
1261 3218 1292 3279 in
1323 3239 1357 3282 sa
1385 3219 1503 3283 minora
1524 3219 1643 3284 inclusa
1664 3221 1846 3284 coniuebat.
1897 3223 1935 3286 Α.
1959 3225 2113 3306 Gooper
2135 3223 2189 3309 (5)

583 3345 677 3410 aeurel
698 3343 856 3424 hydatides
879 3341 1050 3406 observavit
1073 3341 1103 3404 in
1128 3359 1197 3404 osse
1220 3341 1337 3404 humeri
1362 3343 1513 3424 aliumque
1537 3345 1678 3408 describit
1700 3365 1819 3424 casum,
1848 3347 1880 3408 in
1910 3369 1971 3430 quo
1995 3349 2120 3412 morbus
2142 3349 2191 3410 iti-

584 3471 653 3534 dam
674 3468 863 3552 superiorem
884 3473 1001 3548 partem
1023 3465 1113 3528 tibiae
1136 3465 1307 3536 obsidebat3
1329 3473 1512 3546 apparuerat
1533 3474 1634 3529 tumor
1653 3429 1770 3545 mollis,
1794 3470 1949 3548 elasticus,
1970 3471 2023 3554 qui
2043 3473 2081 3535 ab
2104 3473 2190 3536 initio

584 3593 753 3676 emplastris
776 3591 943 3654 adlraosivis
966 3577 1165 3670 compressus⁸
1181 3587 1345 3654 admodum
1367 3589 1595 3667 diminuebatur,
1618 3597 1724 3672 postea
1738 3613 1812 3657 varo
1831 3615 1975 3678 perquam
1994 3597 2105 3659 ambitu
2121 3615 2188 3660 rnr-

581 3741 634 3784 sus
657 3718 835 3800 augebatur3
863 3714 976 3778 incisus
1005 3713 1108 3796 plures
1140 3713 1238 3776 ennisit
1265 3714 1437 3794 hydatides;
1467 3721 1574 3779 exorta
1595 3735 1767 3796 gangraaua
1789 3727 1886 3782 artum
1917 3721 2066 3802 amputari
2096 3741 2188 3804 opor-

2380 3355 2381 3386 v

744 3911 784 3975 (1)
803 3914 873 3963 conl.
891 3909 1111 3973 alchorano,
1131 3912 1301 3974 ncscgraplrie
1320 3913 1506 3974 chirurgicale,
1523 3913 1554 3964 T.
1575 3913 1610 3977 ll,
1628 3931 1655 3977 p.
1674 3914 1719 3966 82.
1744 3939 1780 3952 -
1805 3911 1943 3964 Culleri
1955 3933 2004 3980 er,
2023 3919 2086 3972 dict.
2106 3919 2132 3972 d.
2151 3935 2188 3974 ac.

582 4003 663 4065 meld„
679 4009 727 4054 orl.
745 4001 880 4050 Exoriare.
898 4013 924 4060 p.
943 3995 1005 4051 221.
1024 4019 1060 4034 ····
1078 3999 1236 4060 lia'elard,
1255 3999 1335 4053 addit.
1354 4001 1369 4046 b
1387 3997 1476 4051 l'nnat.
1495 4000 1556 4068 gen.
1575 4001 1607 4050 de
1626 4003 1728 4065 llielrat,
1747 4017 1771 4064 p.
1791 4001 1853 4056 2³5.
1873 4025 1907 4042 ··-
1926 4006 2049 4069 Boper,
2077 4007 2140 4061 diet.
2159 4009 2187 4059 d.

584 4109 621 4148 ac.
640 4092 719 4152 cred„
738 4098 785 4138 art.
806 4087 1008 4149 Oste'caarcbme,
1026 4101 1052 4148 p.
1070 4083 1133 4148 499,
1150 4088 1273 4150 quiesse
1291 4088 1379 4150 faciei,
1397 4088 1474 4138 baaira
1491 4091 1591 4152 cranii,
1610 4093 1787 4140 extremitates
1807 4094 1905 4142 ossium
1925 4092 2063 4164 longorem
2083 4105 2109 4145 et
2127 4113 2186 4146 osu

583 4183 745 4232 innominata
763 4177 914 4240 saepissime
933 4175 982 4223 lace
1001 4174 1091 4222 morbo
1111 4175 1206 4236 corripi
1224 4176 1296 4238 dicit,
1314 4175 1387 4224 bisce
1407 4177 1493 4224 verbis
1513 4178 1581 4225 telae
1600 4182 1838 4243 cornmnlnticnem‚
1858 4198 1923 4244 quoe
1944 4184 1970 4232 tit
1989 4185 2186 4248 inlrocmorbu,

584 4271 723 4320 describit:
746 4267 867 4328 „lorsque
885 4265 914 4313 la
932 4263 1079 4313 maledieo
1098 4263 1171 4325 porto'
1189 4263 1234 4311 dea
1255 4265 1375 4312 atteinles
1394 4265 1541 4329 protendas,
1558 4265 1587 4316 le
1606 4267 1671 4316 timu
1690 4269 1722 4316 tle
1741 4266 1789 4317 l'oa
1808 4285 1823 4316 a
1842 4269 1946 4332 disparu
1966 4271 2138 4322 entibremeut
2158 4283 2186 4324 et

584 4375 612 4408 oe
631 4366 723 4407 trouve
740 4353 874 4418 remplacd
892 4368 936 4416 par
954 4369 1008 4403 une
1026 4354 1166 4402 aubatoaee
1184 4351 1339 4415 homnine,
1357 4354 1471 4417 minure,
1486 4351 1618 4418 jonathe,
1636 4357 1759 4406 iamlace'e
1778 4366 1804 4406 et
1821 4373 1893 4406 aaaea
1913 4357 2062 4410 semblable
2080 4363 2096 4410 b
2115 4363 2186 4412 celle

585 4449 622 4498 du
642 4447 719 4495 blane
738 4441 828 4492 d'oeui
844 4443 983 4490 fortement
1002 4443 1068 4506 cuit,
1086 4451 1109 4491 el
1130 4443 1194 4490 dunt
1212 4443 1238 4490 la
1257 4442 1419 4492 consistente
1438 4445 1509 4492 rarle
1529 4443 1623 4508 ‹ia-puis
1643 4446 1711 4494 celle
1730 4447 1763 4498 de
1781 4448 1908 4514 cartilage
1912 4445 2019 4514 junqu'h
2028 4452 2098 4501 «ηρ
2107 4449 2187 4502 «ι’μῃρ

583 4537 699 4586 iruuillie
719 4533 820 4596 c'puisre
839 4529 918 4595 (aisse
937 4531 1115 4592 eqnirrlrenx..
1134 4531 1238 4580 -Lea
1257 4531 1355 4594 parties
1374 4532 1472 4580 molles
1491 4540 1539 4580 ont
1557 4534 1618 4582 aaut
1636 4535 1663 4582 la
1681 4536 1766 4583 mima
1785 4536 2018 4596 alege'nc'reaeenee.

745 4613 1107 4688 (2)0mo,1.u.p.1sa.
1185 4617 1192 4632 ⁸

745 4705 787 4774 (3)
805 4709 927 4769 Keate,
946 4707 974 4755 in
992 4706 1076 4754 Lond.
1096 4707 1372 4759 momentanearum.
1391 4708 1450 4762 Vol.
1469 4707 1626 4762 x-cont.
1644 4709 1738 4774 llell,
1756 4711 2181 4782 linocbenltraralrleilenp.115.

746 4794 789 4866 (4)
809 4795 1001 4856 callenter,
1019 4796 1050 4842 ia
1065 4795 1308 4860 Gaureillier,
1326 4804 1397 4846 auat.
1416 4797 1516 4860 patbol.
1534 4797 1585 4851 al.
1605 4798 1704 4862 piae,
1723 4809 1750 4850 et
1767 4802 1797 4850 lu
1815 4803 2005 4868 corviam,
2023 4805 2131 4858 Journal
2150 4809 2183 4858 de

581 4893 651 4945 mad.
671 4891 739 4940 Auula
760 4885 837 4943 loos.
855 4893 874 4934 t.
891 4885 955 4948 xil,
973 4898 999 4947 p.
1018 4879 1080 4935 12³.
1561 4906 1565 4913 -
1670 4900 1674 4910 ·

743 4974 783 5044 (5)
801 4978 833 5030 Α.
853 4976 997 5038 Cooper,
1015 4973 1036 5026 l.
1055 4987 1079 5026 c.
1099 4987 1124 5036 p.
1142 4970 1204 5032 497,
1222 4969 1285 5026 ⁵0⁰.
2380 4995 2381 5046 q

2380 5055 2381 5106 l
