4768 5894
1370 553 1449 630 256

613 773 679 830 tera
698 764 731 828 iu
752 764 884 828 tualeam
903 783 1018 829 aarum
1035 783 1072 829 os
1095 763 1311 828 obvestientem
1332 765 1453 844 transit,
1473 770 1653 846 aperturam
1673 764 1753 829 ossis
1774 763 1896 829 elandit.
1939 765 2009 830 llos
2031 763 2210 830 eloaearnau

618 909 716 974 genus
746 889 903 972 quondo
933 889 1065 966 oriatur,
1093 887 1239 950 dubitatio
1268 888 1582 970 sempeternum
1610 909 1704 972 quum
1732 888 1813 952 enim
1837 889 2015 972 superlieies
2037 889 2224 976 seqneatris,=

616 1033 695 1098 quae
716 1013 790 1096 ipsis
812 1013 939 1077 adrem
960 1019 1021 1090 aet,
1041 1019 1188 1094 perpetua
1211 1010 1316 1094 glabra
1337 1018 1368 1074 et
1388 1011 1543 1076 immnuta
1560 1014 1746 1095 reperiam,
1767 1013 1907 1076 neerosiu
1928 1013 1986 1077 hae
2007 1019 2093 1096 parte
2113 1033 2215 1097 nsque

618 1137 659 1203 ad
687 1143 839 1204 externam
870 1135 949 1200 ossis
978 1137 1168 1218 superlieiera
1197 1141 1351 1198 extensam
1378 1136 1487 1213 luisse,
1516 1136 1646 1220 ideoque
1666 1137 1741 1200 uovi
1762 1137 1840 1200 ossis
1862 1137 2034 1200 formationi
2053 1137 2158 1200 locum
2179 1137 2213 1200 in

619 1281 662 1324 ea·
684 1267 769 1342 parte
798 1279 862 1322 uon
891 1259 984 1323 luisse
1013 1268 1103 1342 patet
1155 1261 1258 1342 ltaque
1286 1261 1409 1341 prima
1438 1268 1474 1324 et
1503 1259 1746 1342 principali-a
1775 1281 1891 1324 eausa
1921 1261 1959 1322 ia
1989 1259 2213 1324 deficiente

618 1375 712 1448 novi
743 1383 846 1448 ossis
877 1385 1111 1448 formatione
1139 1391 1336 1448 versatur.
1383 1384 1425 1448 At
1451 1404 1525 1448 vero
1545 1387 1610 1465 jam
1633 1384 1799 1468 quaeritur,
1828 1384 1983 1467 quomodo
2005 1385 2073 1462 fiat,
2099 1391 2134 1448 ut
2155 1385 2214 1448 hae

617 1509 744 1572 laenate
766 1507 947 1572 loa-matioue
964 1528 1058 1572 ossea
1079 1529 1118 1570 ex
1140 1507 1274 1590 partibus
1297 1507 1393 1572 osseis
1414 1509 1492 1572 vivis
1514 1508 1706 1572 eontermirais
1726 1528 1791 1572 uon
1813 1508 2010 1590 expleantur?
2031 1475 2213 1592 eaedemque

620 1653 675 1695 eur
702 1651 766 1696 non
795 1632 827 1694 in
856 1631 961 1696 avibus
989 1635 1168 1695 oemurant?
1197 1632 1363 1714 Expeditur
1392 1634 1466 1696 haee
1495 1651 1545 1696 res
1572 1632 1673 1710 uaria,
1700 1651 1778 1714 qnae
1800 1632 1832 1694 in
1855 1632 1960 1696 auibus
1982 1639 2014 1694 et
2033 1631 2212 1696 mutam

620 1763 681 1832 est,
709 1755 934 1838 suppurationis
963 1757 1089 1820 ratione.
1133 1757 1251 1822 Etenim
1280 1757 1311 1818 in
1329 1755 1540 1820 mammalibus
1561 1755 1713 1830 iis-loeis,
1743 1755 1851 1838 quibus
1873 1761 2010 1820 emortua
2031 1762 2079 1820 est
2098 1757 2211 1820 offlam

620 1880 811 1962 mperlieies,
839 1881 1017 1962 suppuratio
1047 1881 1224 1961 exlegibus
1246 1879 1486 1944 inflammationis
1509 1880 1540 1942 in
1561 1880 1716 1962 periosteo
1739 1879 1854 1958 existit3
1881 1880 1950 1942 hine
1971 1855 2127 1945 niseum
2146 1881 2211 1942 ori-

620 2011 685 2081 aar,
705 2005 758 2088 qai
780 2007 892 2086 nuptus
909 2004 1039 2068 fistulam
1062 2005 1215 2086 relinquit,
1238 2023 1299 2067 uon
1322 2005 1406 2086 prius
1431 2005 1616 2086 plerumque,
1638 2023 1727 2086 quam
1746 2009 1905 2086 sequester
1926 2005 2040 2083 ejeetas
2063 2011 2117 2081 est,
2138 2023 2209 2066 eon-

620 2137 834 2196 saneseeatem.
879 2129 1075 2190 Inflammatio
1098 2129 1227 2210 partium
1249 2129 1327 2191 ossis
1349 2129 1618 2204 conterminarum,
1647 2147 1757 2209 perse
1780 2128 1900 2210 quidem
1918 2127 2050 2208 simplex
2072 2131 2102 2190 et
2123 2147 2212 2192 exsa-

621 2253 738 2329 dativa,
768 2273 821 2328 ea,
850 2273 910 2335 qua
937 2252 1008 2314 illae
1027 2273 1100 2314 enm
1122 2252 1206 2334 pnris
1229 2253 1368 2332 congerie
1391 2252 1581 2332 continuant,
1607 2258 1641 2314 ut
1662 2251 1694 2313 in
1715 2253 1855 2314 lraeturis
1878 2271 1999 2334 quoque
2020 2252 2213 2333 suppuranti-

620 2500 747 2564 stantise
775 2499 1001 2574 formationonr,
1029 2499 1056 2561 si
1083 2519 1138 2579 per
1166 2499 1414 2580 suppurationem
1443 2498 1508 2573 liat,
1534 2498 1632 2560 malta
1660 2498 1775 2562 tardius
1803 2499 1969 2580 proaedere
1999 2501 2133 2582 quamsi
2155 2521 2213 2581 per

620 2623 787 2705 simplicem
811 2622 1055 2696 exsudationem,
1079 2641 1229 2704 quumque
1251 2623 1349 2702 ipsanu
1372 2641 1443 2702 pus,
1472 2621 1555 2704 quod
1576 2622 1721 2684 continuo
1744 2623 1931 2703 congeritur,
1960 2624 2037 2688 haue
2058 2624 2213 2688 formato·

618 2767 689 2810 uem
717 2745 869 2822 cohibeat,
910 2745 997 2810 facile
1028 2745 1139 2820 elucet,
1168 2765 1222 2806 eur
1243 2743 1370 2807 lacunae
1397 2765 1478 2810 nova
1499 2744 1665 2811 substantia
1698 2766 1737 2808 ex
1769 2747 1904 2828 partibus
1939 2748 2131 2812 conterminis
2160 2767 2213 2810 ua-

619 2877 720 2934 soente
743 2867 858 2950 expleri
877 2876 1038 2952 nequeant.
1080 2869 1196 2931 Corrari
1219 2876 1317 2932 autem
1337 2875 1492 2944 naturam,
1512 2878 1547 2931 nt
1569 2889 1621 2932 eas
1654 2869 1781 2951 expleat,
1803 2870 1977 2950 intelligitur
1999 2892 2037 2934 ex
2059 2891 2108 2952 eo,
2133 2875 2211 2956 quod

618 2995 745 3057 lacunae
764 2993 840 3055 illae
861 2993 924 3054 lere
946 3013 1066 3074 seraper
1086 2993 1248 3068 minorem,
1281 3012 1318 3054 ae
1340 3011 1430 3075 saepe
1452 2993 1573 3074 quidem
1594 2994 1689 3057 uurlto
1712 2994 1872 3071 minorem,
1902 3015 1996 3076 quam
2024 2995 2132 3076 glabra
2159 2997 2207 3058 iaa-

618 3123 790 3198 runtataque
822 3116 983 3198 sequestris
1016 3117 1206 3197 superficies,
1241 3115 1402 3180 ostendunt
1433 3115 1585 3184 ambitum.
1629 3117 1663 3178 ln
1687 3116 1805 3192 avibus,
1827 3137 1927 3199 »quum
1950 3093 2080 3200 primuni
2101 3139 2203 3184 nomn

619 3259 656 3304 os
683 3241 808 3302 formari
833 3239 955 3320 insipit,
988 3239 1093 3303 itidem
1119 3247 1277 3322 aperturae
1304 3239 1375 3304 illae
1403 3247 1580 3312 ooeurrunt;
1614 3241 1659 3304 nti
1678 3243 1742 3320 jam
1765 3261 1784 3302 a
1805 3243 1924 3320 troja
1947 3243 2140 3306 observatum
2161 3251 2209 3306 est

617 3364 683 3439 llio,
704 3363 789 3425 horis
812 3361 854 3424 Η
868 3359 965 3424 -48
988 3371 1058 3443 post
1080 3363 1258 3426 destructam
1282 3363 1443 3426 medullam
1465 3364 1583 3446 elapsis,
1606 3363 1735 3444 spatiola
1753 3365 1911 3446 quaedam,
1933 3373 2035 3428 erarsta
2056 3367 2137 3444 exili,
2169 3368 2212 3430 al·

618 3487 704 3564 bida,
735 3486 818 3548 noea
834 3485 971 3560 ohteata,
1006 3485 1196 3562 iramaterim
1227 3505 1305 3569 quae
1325 3488 1404 3548 lutor
1426 3507 1462 3550 os
1485 3495 1515 3548 et
1535 3487 1716 3566 periosteum
1739 3488 1882 3551 exsudata
1904 3497 1976 3566 erat,
1997 3490 2046 3554 laio
2068 3491 2130 3553 illie
2152 3491 2213 3554 dis·

618 3582 709 3694 perae¹
726 3609 877 3672 interdum
898 3609 1026 3684 insanin
1043 3609 1214 3692 meritoque
1235 3631 1303 3674 eum
1323 3611 1372 3674 his
1393 3610 1540 3675 foramina
1561 3609 1614 3674 illa
1634 3611 1759 3691 mandis
1777 3621 1940 3694 comparat.
1984 3614 2098 3676 Verum
2121 3633 2212 3697 qnam

618 3735 776 3798 inauribus
799 3734 951 3796 luculenta
972 3735 1148 3817 suppuratio
1171 3755 1322 3817 uunquam
1346 3734 1475 3812 oriatur,
1508 3734 1566 3797 sed·
1590 3735 1641 3796 rix
1663 3736 1729 3798 leve
1751 3736 1902 3818 quoddam
1924 3739 1990 3816 ejus
2013 3737 2156 3801 indieium
2179 3741 2211 3802 iu

619 3859 798 3922 formatione
820 3859 970 3922 crustulae
990 3859 1073 3920 illius
1096 3858 1213 3920 albidae
1236 3859 1453 3940 conspiciatur,
1477 3862 1603 3941 ejusque
1626 3859 1720 3940 ipsius
1743 3861 1829 3943 quasi
1851 3860 2003 3942 praesidio
2026 3862 2155 3938 eveniat,
2177 3873 2212 3924 nt

618 3983 756 4044 materies
787 3983 951 4044 easadalue
979 3983 1096 4044 lucilius
1126 3984 1335 4062 organiseutur
1363 4002 1459 4066 neque
1490 3983 1521 4044 in
1543 4003 1600 4063 pus
1622 3984 1731 4046 abeant
1753 3986 1799 4066 (u.
1822 4002 1914 4066 supra
1936 4006 1964 4065 p.
1992 3984 2096 4064 lau),
2123 3984 2211 4048 laeu-

618 4125 676 4170 nae
697 4105 877 4169 formatione
895 4125 979 4168 nova
1002 4105 1071 4168 inde
1094 4105 1131 4166 ab
1154 4107 1285 4186 ipsarum
1308 4107 1434 4168 eireuitu
1456 4105 1638 4186 procedente
1656 4108 1814 4192 paullatim
1843 4108 2008 4189 explentur,
2030 4109 2157 4192 ideoque
2179 4111 2211 4174 in

618 4231 752 4310 perlaeta
775 4223 844 4311 esse
865 4249 948 4292 novo
969 4249 1031 4292 non
1052 4229 1181 4310 amplius
1204 4229 1320 4292 adsunt.
1361 4229 1468 4310 'ltaque
1497 4231 1529 4292 in
1550 4230 1606 4292 lrao
1635 4230 1736 4312 priore
1758 4230 1929 4294 eloaoamm
1952 4233 2052 4314 speeie
2075 4253 2210 4315 suppu-

619 4351 721 4414 ratio
741 4352 989 4430 secundaria,
1018 4373 1147 4436 neque
1181 4360 1255 4420 tam
1285 4353 1470 4416 alliciens
1498 4373 1627 4416 earum
1649 4371 1765 4416 eausa
1791 4373 1897 4436 quam
1919 4355 2035 4438 qnasi
2057 4376 2209 4422 conser-

619 4474 748 4539 vatrix
770 4479 834 4536 est.

777 4595 911 4660 Alterum
923 4615 1018 4676 genas
1028 4599 1134 4663 abillo
1146 4601 1248 4680 priore
1256 4599 1358 4663 diflert
1369 4603 1464 4663 torma
1473 4599 1632 4662 admodum
1644 4601 1783 4680 regulari,
1792 4602 1922 4666 rotunda
1931 4603 1981 4666 vel
1992 4622 2208 4689 nonnunquam

618 4721 772 4797 subovata,
795 4741 832 4784 ae
852 4727 998 4802 perpetuo
1021 4721 1314 4788 inl-undibnlurn
1337 4725 1446 4806 qnasi
1469 4725 1733 4799 referentem
1755 4727 1883 4809 quidem,
1906 4734 1940 4788 ut
1960 4743 2031 4808 pars
2053 4729 2208 4810 angustor

618 4843 681 4906 sive
703 4864 778 4926 apex
801 4843 981 4908 infundibuli
1000 4845 1178 4922 introrsruu,
1200 4847 1290 4932 ealyx
1307 4866 1384 4908 uero
1408 4853 1575 4909 extrorsum
1596 4856 1727 4930 spectet3
1750 4849 1876 4916 ambitus
1898 4850 1933 4928 is,
1955 4858 1989 4916 ut
2009 4871 2110 4933 penna
2132 4854 2207 4918 sori·
