4768 5894
171 783 301 850 malibus
322 785 499 854 interiorem
521 787 677 864 crdidum,
700 785 744 850 uti
765 786 870 850 monui
892 789 1003 868 cupre,
1032 803 1140 868 pamm
1161 787 1326 870 cmrspicua
1348 792 1396 853 eat
1416 787 1603 870 suppuratio.
1649 789 1716 857 iiec
1737 793 1769 858 ia

170 909 318 975 cuniculis
339 924 432 992 saque
452 911 615 974 observare
637 909 709 974 mibi
730 909 870 992 contigitr
898 911 930 972 in
953 909 1062 992 quibus
1084 929 1207 991 maguae
1230 917 1331 992 partes
1354 931 1372 974 e
1392 913 1564 993 pericrauie
1595 916 1770 996 excidendo,

169 1032 262 1096 inme
286 1033 387 1114 ipmm
408 1035 543 1098 cranium
567 1033 685 1097 embra
706 1033 906 1114 pericrndc,
935 1033 1006 1096 licet
1027 1033 1138 1096 veina
1166 1053 1229 1096 ucu
1251 1035 1416 1112 munirem,
1438 1037 1686 1116 suppurationem
1708 1059 1771 1102 uon

169 1155 312 1230 excitam
334 1157 390 1218 sed
411 1165 515 1220 crustu
534 1157 652 1223 reineri
676 1156 799 1218 iardncte
815 1163 873 1232 est,
895 1157 1028 1236 pernen
1050 1147 1168 1220 demum
1191 1156 1331 1220 cicatrice
1353 1157 1508 1222 secedens.
1555 1159 1694 1237 Miratus
1716 1162 1772 1224 ite-

168 1297 236 1344 mm
268 1285 359 1362 atque
391 1280 515 1356 iterum,
556 1279 710 1361 quomodo
739 1279 852 1345 nunus
890 1277 947 1342 sub
976 1287 1077 1342 crusta
1107 1299 1142 1342 se
1168 1279 1306 1356 heberet,
1340 1281 1425 1344 varic
1455 1289 1592 1362 tempure
1622 1283 1770 1365 inquisivi.

171 1401 246 1464 rost
278 1403 390 1464 iactum
416 1401 526 1464 vulnus
557 1403 639 1464 buris
660 1400 704 1464 id
729 1407 830 1464 crusta
863 1421 882 1464 c
914 1402 1059 1482 sanguine
1093 1401 1243 1465 exsicoetu
1277 1402 1405 1486 piiisque
1439 1403 1651 1484 conglutinatis
1674 1407 1772 1468 eiiieta

170 1523 349 1605 apparebat,
375 1525 528 1604 margines
547 1524 681 1589 vuiueris
703 1523 855 1586 mnenon
875 1531 976 1600 eraut3
1005 1533 1107 1587 crustu
1135 1533 1275 1604 separata
1301 1525 1412 1588 vulnus
1441 1525 1560 1607 liquore
1590 1527 1769 1604 rubicundo,

168 1647 262 1722 tenui,
285 1646 389 1730 quiin
411 1647 463 1710 tila
484 1647 586 1709 diduci
608 1646 758 1729 nequibat,
773 1647 935 1728 ‘impletum
957 1648 1210 1728 conspiciebatur.
1244 1647 1445 1712 Secundedie
1458 1649 1662 1729 preecipucin
1676 1649 1770 1713 tundo

172 1769 306 1832 vdnertr
326 1769 480 1832 meter-iem
501 1769 688 1850 meriebem
711 1769 911 1850 congeletur,
934 1790 952 1831 e
974 1769 1142 1832 rubicundo
1166 1769 1274 1845 albam,
1296 1790 1374 1852 quec
1397 1773 1460 1834 iere
1482 1778 1575 1833 totam
1599 1783 1770 1851 epermrcm

172 1893 267 1959 cranii
289 1893 440 1974 expiebat·
453 1913 456 1918 ’
470 1894 533 1954 uie
555 1893 644 1955 tertio
665 1893 815 1974 margines
837 1911 958 1975 quoque
977 1892 1113 1956 vulneris
1136 1893 1240 1954 eadem
1261 1893 1383 1954 materie
1405 1893 1586 1956 luculentius
1609 1907 1694 1958 erant
1716 1897 1769 1958 cb

173 2013 268 2090 ductip
290 2023 396 2096 pustee
418 2017 491 2078 baec
513 2013 668 2092 materies,
690 2015 723 2076 id
743 2016 827 2098 quod
849 2015 992 2096 imprimis
1014 2015 1045 2076 in
1067 2033 1112 2092 ee,
1135 2034 1212 2097 quae
1234 2021 1405 2095 aperturam
1427 2016 1505 2080 cssie
1528 2017 1676 2097 explebat,
1698 2038 1772 2080 con-

173 2139 315 2220 spicamur·
332 2147 405 2216 erat,
426 2139 708 2218 vesissunguiieris
729 2138 875 2200 nannete
896 2143 986 2220 atque
1006 2138 1180 2218 crgenisetc
1200 2137 1374 2219 apparebat
1412 2138 1532 2200 Vulnus
1545 2138 1576 2199 in
1598 2139 1663 2201 dies
1685 2141 1772 2202 undi·

175 2281 234 2344 que
263 2261 499 2336 diminuebatur,
538 2271 639 2324 tumor
677 2261 808 2343 partium
836 2259 1109 2340 circumjacentium
1143 2261 1334 2334 concidebet;
1368 2260 1400 2322 in
1432 2261 1615 2340 marginum
1649 2261 1771 2324 cicetrix

176 2385 234 2447 snb
269 2392 376 2448 cmm
409 2385 511 2448 induci
540 2390 697 2466 coeperat,
726 2385 801 2446 dum
822 2383 853 2445 in
876 2395 979 2448 centro
1001 2383 1103 2465 liquor
1125 2381 1223 2446 adbuc
1245 2382 1500 2464 conspiciebatur,
1532 2383 1584 2465 qui
1605 2385 1773 2464 separanda

175 2509 403 2576 minida
425 2507 602 2580 duecbatmr
625 2515 696 2589 pest
717 2507 782 2572 dies
803 2507 912 2568 decern
931 2506 971 2568 ad
992 2505 1151 2568 deudedau
1172 2507 1300 2582 vuinus,
1327 2511 1453 2587 excepta
1474 2507 1584 2586 exigua
1601 2515 1689 2587 parte
1712 2527 1774 2570 me-

177 2629 243 2706 dia,
256 2638 402 2700 ¹sarnetum
424 2629 501 2705 eret,
524 2637 616 2711 eque
638 2637 754 2704 cenete,
776 2647 857 2710 quee
878 2635 947 2690 ente
969 2628 1112 2707 depressa
1134 2629 1166 2690 in
1180 2630 1288 2690 -medc
1309 2631 1408 2690 tuerat
1428 2635 1459 2690 et
1481 2630 1512 2692 iu
1534 2629 1645 2708 pelvim
1667 2631 1773 2691 vuine-

176 2753 218 2816 rie
239 2754 436 2828 imminuerat,
458 2771 601 2815 convene·
614 2753 678 2829 jem
701 2749 899 2830 preminebat.
943 2748 1167 2829 utplurimum
1189 2749 1239 2810 die
1261 2749 1451 2830 quindecimo
1473 2751 1590 2828 meiere
1612 2753 1685 2812 baec
1707 2754 1773 2817 vui-

174 2893 252 2937 nera
272 2874 396 2937 unnim
417 2879 655 2950 ¹consenuerant,
684 2878 774 2954 atque
796 2869 946 2934 cicatricis
967 2869 1132 2936 substantia
1154 2889 1210 2950 per
1231 2871 1444 2951 epidercridem
1467 2871 1525 2950 ipsi
1547 2873 1697 2934 indictam
1723 2895 1771 2934 ru-

175 2997 310 3060 bicundo
325 2997 432 3060 coiere
444 2995 631 3077 peilucebat3
653 2996 686 3056 in
699 2993 883 3057 i'aeeicnibus
895 2991 1062 3056 neiucribus
1072 2993 1207 3076 quinque
1214 2993 1341 3058 dice-ed
1352 2991 1564 3074 perficiendam
1585 2995 1771 3057 cenationem

177 3119 373 3184 eudiiiebant
430 3122 464 3182 lu
493 3117 615 3200 geliiuie
643 3135 771 3199 prorsus
791 3115 883 3182 simiii
904 3116 1021 3178 reticne
1043 3116 1222 3179 cicatrisetic
1244 3115 1388 3198 precedit.
1433 3115 1530 3177 Ειὶιιι
1552 3115 1583 3177 in
1604 3117 1774 3181 bominibus

178 3243 328 3307 aderuin
350 3241 515 3306 terionem
535 3241 723 3306 lente-ibus
742 3241 924 3309 mur
943 3239 1110 3302 manente
1129 3239 1218 3315 ratio,
1240 3246 1275 3300 ut
1296 3239 1327 3300 in
1350 3257 1385 3300 se
1405 3239 1473 3319 ipsc
1496 3239 1622 3321 quisque
1644 3243 1774 3321 experiri

174 3373 293 3449 putest3
319 3367 363 3430 ita
382 3373 504 3441 ttamen,
533 3370 581 3441 ut,
607 3365 636 3427 ui
665 3371 766 3426 crusta
793 3364 923 3444 prinum
952 3363 1081 3424 ierureta
1109 3367 1280 3442 reperetur,
1310 3363 1373 3424 iere
1400 3369 1548 3443 perpetuo
1570 3382 1643 3427 vcra
1665 3364 1776 3428 incidet

179 3491 367 3572 mppumtic,
386 3489 417 3552 id
438 3489 522 3571 quod
543 3487 607 3550 uun
618 3487 706 3551 iecile
727 3484 1058 3563 acciditincnnicniie,
1081 3485 1112 3546 'm
1130 3485 1250 3564 pellinis
1260 3503 1415 3568 nunquam
1427 3507 1445 3548 a
1458 3487 1706 3550 mcobeervatum
1719 3495 1774 3549 est.

339 3611 551 3675 intermedium
585 3620 652 3674 cese
684 3615 811 3692 apparet
844 3611 924 3670 bunc
950 3607 1073 3670 medum
1102 3607 1248 3670 m'cetricis
1276 3609 1451 3670 icrmaudee
1477 3609 1555 3673 inter
1588 3609 1774 3671 sanctionem

181 3753 256 3812 saur,
278 3755 356 3818 qnae
378 3753 433 3815 per
455 3733 667 3796 adbeedcuem
688 3733 729 3808 stt,
752 3750 891 3812 eamque,
914 3749 992 3810 quae
1013 3712 1070 3810 per
1090 3730 1346 3810 suppurationem.
1392 3729 1585 3790 uncelenum
1608 3731 1663 3804 bic,
1686 3749 1774 3810 qnam

181 3861 212 3922 iu
234 3859 351 3940 vulgari
373 3857 597 3936 suppuratione,
619 3853 821 3932 ergeniseuda
843 3851 966 3912 meterie
988 3851 1135 3912 exsudata
1155 3848 1305 3940 cicatricis
1326 3849 1521 3912 substantium
1543 3851 1616 3911 oriri
1628 3852 1775 3918 cernitur:

179 4001 280 4048 cx‘ee
300 3999 374 4044 vero
400 3981 492 4059 bujus
513 3976 656 4040 mammae
677 3981 776 4056 parce,
799 3991 877 4056 quae
900 3974 930 4034 in
953 3971 1052 4035 vivam
1074 3971 1269 4035 subeundam
1291 3989 1354 4032 acu
1376 3971 1462 4044 abiit,
1491 3979 1596 4034 cmsta'
1616 3973 1775 4054 effingitur,

180 4106 258 4186 puri,
279 4109 314 4167 ut
335 4108 468 4184 apparet
490 4099 708 4182 comparanda;
730 4115 816 4180 qnae,
839 4115 931 4178 quum
953 4093 1368 4159 aedramcssuuravuineru
1381 4095 1530 4168 deterretur,
1554 4113 1675 4157 censam
1687 4095 1778 4175 igitur

180 4226 407 4309 suppurationis
434 4225 568 4287 emnium
599 4221 868 4306 frequentissimam
898 4219 1058 4282 innocuum
1089 4218 1209 4294 reddat,
1240 4235 1423 4298 aneprrcpere
1452 4219 1588 4295 adjuvat,
1617 4226 1651 4280 ut
1678 4219 1780 4301 iiqucr

183 4352 346 4416 emdetue
367 4348 565 4428 crgauieetur,
587 4345 780 4426 impediique,
799 4362 864 4424 quc
885 4343 985 4404 minus
1008 4343 1056 4404 bic
1079 4343 1109 4403 iu
1129 4361 1189 4422 pua
1212 4341 1308 4402 theat

344 4471 377 4532 Si
410 4467 580 4550 ingerendis
613 4467 793 4550 cerporibus
827 4463 933 4526 alienis
974 4465 1005 4525 in
1044 4475 1159 4544 partem
1200 4462 1388 4526 vulneratam
1426 4481 1500 4524 vera
1538 4465 1715 4544 suppuratio
1747 4466 1780 4526 iu

183 4595 333 4660 cunicaiie
373 4589 518 4654 sennim
555 4591 616 4673 (uti
656 4581 767 4652 ¹tectum
800 4607 819 4652 a
851 4605 900 4648 me
933 4595 992 4662 est,
1032 4597 1067 4648 nt
1107 4591 1308 4668 suppurautce
1341 4604 1480 4666 parerem
1521 4587 1637 4650 cuium
1669 4587 1781 4646 tractu-

185 4739 252 4794 ras,
290 4735 366 4800 ques
400 4712 542 4793 deinceps
580 4711 808 4793 disquirerem),
847 4712 878 4772 in
912 4710 957 4772 bis
991 4729 1127 4791 quoque,
1169 4709 1352 4791 etquidem
1385 4709 1567 4772 incuicutius
1600 4725 1691 4788 qum
1730 4727 1783 4770 ee·

187 4860 278 4926 quam
308 4837 401 4913 aliae,
431 4836 469 4898 ab
501 4834 595 4896 eitera
617 4843 703 4914 perte
726 4810 874 4896 cicatrids
896 4832 1091 4896 eubataatiau
1114 4833 1337 4913 organisaticne
1360 4831 1501 4894 mater-iae
1534 4828 1680 4909 plasticae
1703 4831 1784 4904 oriri,

187 4966 225 5026 eb
257 4963 353 5027 altere
380 4959 505 5022 undem
533 4955 687 5022 necnon
708 4955 740 5018 in
769 4973 829 5036 pur
850 4956 1043 5021 uammmari
1062 4962 1196 5036 amaret.
1255 4955 1376 5020 linriasc
1404 4971 1482 5036 pure
1501 4952 1600 5034 (quud
1634 4969 1786 5033 urmqnaau

1372 5077 1416 5141 25
