4856 5896
1372 448 1421 526 14

597 667 706 732 Fibula
721 665 891 730 secuudum
919 662 1136 748 longitudinem
1164 659 1288 725 cudredo
1311 669 1448 744 peruecta
1469 677 1595 746 prorsus
1618 661 1723 728 eadam
1745 661 1916 740 exhibebam
1937 679 2037 748 aeque
2058 658 2124 728 cavi
2144 677 2197 726 aa·

597 811 656 874 que
678 790 758 854 vasis
780 788 873 852 ullius
894 787 1059 870 vestigium,
1082 795 1204 871 totaque
1226 787 1401 870 aupedcics
1423 795 1575 852 sta-uctura
1597 807 1722 870 prorsus
1745 789 1863 874 aequali
1884 803 1952 854 ease
1974 788 2147 871 apparebat.

757 914 882 990 Femur,
910 914 998 992 cujus
1019 911 1118 974 media
1139 931 1210 994 pars
1237 912 1349 974 ambitu
1371 913 1489 976 circiter
1509 912 1563 976 liu.
1586 913 1609 1000 ἦ
1633 911 1717 991 alba,
1746 913 1836 991 du'ra,
1864 933 1928 978 nou
1950 912 2077 994 amplius
2099 910 2198 993 pellu-

599 1057 670 1104 ceus
692 1047 769 1114 erat,
797 1036 903 1099 eadem
924 1037 1040 1098 ratione
1062 1035 1247 1098 decumam
1268 1037 1421 1118 periosteo
1443 1035 1657 1119 inquirebatur.
1703 1036 1835 1100 Extema
1847 1037 2029 1125 superficies,
2051 1041 2200 1118 quatenu

598 1164 698 1228 mollia
720 1169 792 1238 erat,
814 1179 940 1243 prorsus
961 1158 1059 1237 talem,
1081 1159 1201 1243 qualem
1222 1179 1315 1241 supra
1336 1158 1460 1222 fibulam
1482 1159 1636 1242 descripsi,
1650 1177 1718 1222 sese
1734 1157 1909 1242 praebebat;
1932 1179 2002 1241 para
2025 1175 2199 1224 osseavero

598 1286 762 1369 inaequalis
785 1291 815 1346 et
836 1302 949 1364 rugosa
970 1290 1041 1360 erat,
1064 1290 1175 1346 certam
1198 1289 1379 1346 structuram
1401 1302 1463 1346 non
1486 1283 1670 1360 ostendebat,
1693 1303 1729 1346 ac
1748 1283 1883 1364 marg'ma
1900 1281 2083 1346 denticulato
2105 1281 2198 1344 utrin-

599 1431 657 1494 que
679 1427 748 1472 cum
770 1405 944 1488 cartilagine
966 1405 1163 1488 contingebat,
1186 1405 1274 1488 cujus
1296 1413 1390 1470 totam
1413 1406 1580 1489 occupabat
1602 1403 1773 1471 crassitiem.
1820 1409 1898 1470 Osse
1924 1404 1962 1468 ad
1983 1401 2199 1486 longitudinem

600 1541 754 1618 persecto,
784 1533 894 1596 clarius
918 1532 1019 1596 onmia
1041 1533 1071 1594 in
1101 1531 1259 1613 superficie
1290 1539 1372 1594 secta
1400 1530 1572 1606 elucebant;
1602 1531 1756 1613 cartilago,
1779 1550 1839 1616 qua
1860 1551 1929 1594 cum
1951 1530 2022 1594 looo
2045 1529 2198 1593 ossilicato

599 1658 802 1740 contingebat,
831 1657 924 1736 magis
953 1675 1042 1740 quarn
1071 1654 1160 1717 alias
1155 1655 1346 1737 pellucebat,
1369 1655 1551 1740 corpuscula
1574 1656 1667 1737 magia
1690 1656 1845 1736 dulium,
1872 1657 1989 1719 formae
2009 1653 2198 1737 aequalioris,

598 1784 692 1864 magis
715 1782 843 1864 denique
866 1779 1052 1842 abinvicem
1074 1788 1211 1860 separata
1233 1781 1431 1862 apparebant;
1454 1799 1557 1862 margo
1581 1799 1687 1844 caseus
1699 1787 1851 1863 umquam
1861 1779 2044 1842 circulorum
2063 1796 2207 1868 segmqu

598 1909 636 1970 tis
659 1907 765 1970 ordine
787 1903 943 1967 collocatis
966 1903 1090 1965 conflari
1112 1903 1285 1980 videbatur,
1315 1923 1392 1986 quae
1414 1923 1519 1966 versus
1543 1905 1747 1985 cartilaginem
1769 1913 1872 1986 aperta
1894 1911 1995 1980 eraut,
2023 1923 2060 1965 ac
2081 1899 2201 1981 singulo

599 2031 747 2111 singulum
770 2026 982 2108 corpusculum
1005 2027 1174 2088 intermisso
1197 2025 1300 2108 aliquo
1322 2027 1419 2108 spatio
1442 2026 1711 2108 amplectebantur;
1734 2027 1860 2130 propius
1883 2027 1922 2090 ad
1943 2026 2074 2090 medium
2094 2025 2201 2088 oscin-

598 2154 658 2217 culi
686 2153 781 2215 clausi
804 2159 889 2211 erant
916 2157 947 2210 et
974 2147 1155 2228 corpuscula
1177 2149 1208 2211 iu
1231 2147 1336 2210 mediis
1358 2147 1479 2210 circulis
1501 2150 1773 2231 conspiciebantum
1803 2152 1914 2213 sensim
1937 2157 2025 2212 aucta
2053 2149 2200 2211 linearum

600 2275 791 2338 circadarium
813 2270 983 2346 latitudine,
1006 2270 1089 2354 quod
1111 2270 1252 2332 intererat
1273 2272 1403 2352 spatium
1426 2271 1659 2352 diminuebatur,
1680 2283 1799 2338 textura
1820 2275 1919 2337 minus
1941 2273 2106 2355 conspicua
2128 2279 2200 2344 arat,

599 2397 780 2480 corpuscula
801 2393 937 2474 dignosci
960 2411 1022 2456 uon
1046 2392 1174 2474 amplius
1195 2401 1349 2474 poterant,
1377 2395 1419 2456 ita
1446 2405 1480 2457 ut
1507 2396 1538 2460 iu
1561 2396 1660 2459 media
1682 2399 1801 2461 demum
1824 2398 1962 2480 diaplaysi
1985 2395 2115 2458 rotunda
2136 2413 2200 2458 ma-

600 2523 735 2584 cularum
758 2519 873 2600 specics
895 2525 1039 2600 percepto
1063 2515 1237 2579 difficillima
1259 2525 1337 2580 esset
1359 2519 1448 2601 (Tab.
1463 2520 1485 2582 l.
1510 2520 1574 2602 Fig.
1593 2520 1640 2606 1).
1687 2521 1786 2584 Sentio
1813 2519 2022 2584 umereraalia
2044 2538 2100 2599 per
2121 2537 2199 2581 mar-

598 2648 697 2727 ginem
720 2644 811 2725 partis
835 2661 940 2706 osseae
962 2643 1047 2718 lacta,
1069 2659 1131 2702 non
1154 2640 1241 2704 aliter
1263 2661 1298 2705 ac
1319 2661 1412 2724 supra
1435 2644 1662 2725 descripsimus,
1692 2645 1788 2727 spatia
1817 2643 1948 2707 rotunda
1975 2643 2062 2704 lineis
2095 2643 2200 2722 opacis

598 2771 735 2842 limitata,
766 2775 855 2849 atque
883 2767 913 2828 iu
942 2783 1046 2828 eorum
1081 2764 1180 2826 medio
1209 2765 1391 2847 corpuscula
1412 2777 1516 2843 ovata,
1547 2769 1641 2850 magis
1663 2777 1761 2831 umen
1784 2768 1823 2830 ad
1845 2767 2005 2830 rotundam
2029 2765 2200 2828 mcedeutia

598 2895 734 2968 sormam,
757 2888 948 2960 ostendebatc
976 2905 1075 2968 neque
1097 2886 1171 2962 alia,
1193 2889 1251 2948 uisi
1273 2890 1372 2950 minus
1395 2891 1566 2969 conspicua,
1589 2892 1683 2952 sectio
1705 2898 1878 2964 transuersa
1900 2909 1955 2970 per
1977 2891 2105 2952 medam
2127 2907 2195 2970 par-

598 3011 657 3076 t‘em
680 3029 799 3074 osseam
821 3011 899 3071 iacta
921 3007 1098 3088 apparebam
1121 3015 1184 3070 tota
1205 3027 1305 3070 messa
1327 3009 1431 3071 eadem
1454 3011 1564 3092 ubique
1587 3021 1651 3072 erat
1672 3019 1829 3088 structura,
1852 3032 1950 3096 neque
1973 3014 2062 3076 tubus
2084 3011 2197 3076 modul-

598 3138 677 3212 iaris,
700 3149 798 3215 neque
820 3129 978 3193 canaliculi
1000 3130 1277 3210 conspiciebantur,
1300 3133 1331 3194 in
1353 3133 1462 3215 quibus
1484 3153 1558 3196 vasa
1580 3153 1757 3216 percurrero
1781 3138 1957 3218 potruieseut.
2003 3139 2117 3218 lnjecta
2137 3136 2198 3198 sin-

596 3261 667 3341 gula
689 3265 772 3338 gutta
794 3253 871 3316 acidi
895 3271 968 3316 mur.
993 3251 1093 3329 diluti,
1121 3253 1220 3314 statim
1243 3273 1343 3317 massa
1364 3275 1401 3317 ex
1424 3275 1523 3336 opaco
1547 3257 1636 3320 tiebat
1657 3258 1824 3341 pellucida‚
1853 3269 1943 3345 atquo
1965 3261 2032 3323 sola
2055 3259 2197 3340 cartilago

516 3437 525 3456 ,
597 3405 665 3448 cum
688 3377 876 3462 corpusculis
898 3377 955 3459 ipsi
984 3377 1126 3458 inspersu
1149 3375 1253 3438 relicta
1280 3386 1359 3451 erat;
1389 3379 1499 3441 siccata
1527 3401 1601 3444 vero
1632 3381 1732 3465 aliqua
1763 3402 1834 3464 pars
1861 3405 1950 3450 osaea
1977 3385 2089 3447 coloris
2111 3383 2199 3446 lactei

597 3517 626 3572 ct
649 3507 731 3588 poris
753 3502 942 3578 tenuissimis,
965 3501 1091 3582 pumicis
1113 3499 1261 3577 adinstar,
1284 3502 1428 3564 instructa
1451 3505 1624 3585 apparebat.
1670 3485 1763 3570 Plane
1785 3509 1910 3584 eandem
1932 3509 1964 3570 iu
1987 3506 2125 3572 omuibus
2147 3523 2197 3568 oa·

596 3635 678 3698 sibus
700 3627 808 3710 longia,
831 3627 861 3688 in
884 3623 992 3708 quibua
1015 3625 1178 3688 ossilicatio
1199 3625 1266 3686 deri
1289 3635 1438 3706 coeperat,
1461 3647 1517 3690 nec
1540 3631 1638 3692 minus
1660 3631 1691 3691 in
1713 3631 1816 3706 cost's,
1838 3631 1938 3694 inveni
1954 3637 2196 3694 structuram--

756 3750 928 3813 Ossilicatio
950 3748 1041 3830 igitur
1061 3729 1160 3830 prima
1179 3749 1210 3809 in
1233 3765 1271 3810 eo
1294 3757 1340 3811 est
1361 3751 1467 3831 posita,
1491 3753 1573 3835 quod
1595 3755 1708 3816 circum
1731 3756 1912 3836 corpuscula
1923 3754 2106 3835 excipiendis
2129 3771 2196 3834 par-

597 3877 674 3934 tibus
698 3874 801 3934 terreis
824 3870 916 3932 subst.
942 3869 1133 3949 cartilaginea
1154 3871 1331 3944 bidurescit3
1354 3873 1434 3933 unde
1456 3893 1564 3953 magna
1585 3877 1632 3938 vis
1648 3877 1826 3940 cellularum
1847 3876 1912 3938 sive
1928 3877 2131 3940 vesiculamm
2145 3893 2197 3940 os

597 4015 714 4060 scarum
739 3993 884 4068 exoritur,
907 4011 1033 4076 quarum
1056 3992 1191 4072 singulae
1219 3993 1369 4073 singulum
1398 3995 1637 4076 complectuntur
1666 3997 1890 4078 corpusculum.
1935 3997 2015 4058 Nam
2044 4000 2102 4062 soli
2130 4001 2197 4064 bule

597 4122 711 4182 iorrriac
740 4135 907 4199 congruum
936 4122 997 4192 est,
1033 4115 1115 4197 quod
1150 4117 1244 4178 sectio
1272 4124 1442 4180 transuersa
1470 4117 1694 4198 longitudinalis
1723 4127 1753 4180 et
1774 4120 1897 4200 obliqua
1926 4119 2031 4182 eadem
2060 4121 2199 4186 exbibeut

597 4244 813 4321 phaenomena.
1399 4223 1401 4228 ’

757 4360 902 4444 Scapula,
925 4381 1001 4446 quae
1023 4363 1184 4444 planorum
1204 4371 1253 4426 est
1274 4365 1401 4441 ossium
1429 4367 1459 4427 in
1482 4367 1653 4428 umvcrsurn
1675 4385 1738 4430 uon
1761 4365 1847 4427 aliter
1869 4385 1902 4429 sc
1924 4367 2026 4442 babet,
2054 4389 2125 4452 para
2146 4391 2196 4434 os

599 4489 713 4552 sificata
734 4491 914 4552 succurram
936 4485 1037 4550 itidem
1059 4487 1260 4550 vesiculosam
1282 4487 1471 4562 ostendebat;
1502 4496 1591 4572 atquc
1618 4490 1649 4552 in
1671 4489 1845 4571 cartilagine
1866 4491 2049 4574 corpuscula
2070 4511 2196 4575 appara·

599 4614 670 4678 baut
691 4609 797 4675 ordine
819 4607 950 4691 quodam
972 4607 1131 4690 disposita;
1158 4611 1203 4673 sic
1224 4611 1305 4672 euim
1327 4617 1466 4674 conserta
1488 4619 1588 4688 eraut,
1610 4619 1644 4674 ut
1665 4611 1760 4678 lineas
1782 4623 1932 4699 umquam
1954 4615 2030 4680 radii
2052 4615 2089 4678 ab
2112 4616 2195 4698 apice

586 4755 702 4828 ⁸sersus
724 4733 810 4798 basin
833 4733 911 4798 ossis
934 4731 1126 4796 decurrentes
1148 4730 1326 4806 ionuarent;
1356 4733 1474 4814 singula
1501 4736 1709 4800 aausreraa
1700 4757 1731 4800 au
1762 4737 1807 4800 bia
1830 4738 1916 4804 linea
1939 4739 2088 4806 collocata
2110 4751 2195 4802 eram

598 4860 759 4942 spatiisque
782 4856 854 4922 eatis
877 4853 1051 4938 aequalibus
1074 4855 1152 4917 mter
1174 4875 1206 4918 se
1229 4859 1374 4935 sejuncta.
