4768 5894
1376 513 1456 592 2³0

613 723 735 808 paratis,
755 727 931 790 Ducasse
952 723 1005 802 (l)
1027 724 1121 790 semel
1142 723 1174 789 in
1195 723 1267 786 dbia
1288 723 1444 794 aecrotioa
1461 723 1584 788 invenit
1628 725 1744 790 Verum
1764 724 1822 790 hac
1838 739 1872 792 re
1886 725 1946 790 hoo
1966 721 2075 812 solum,
2096 723 2212 790 innam

612 850 774 914 mationem
795 868 983 932 gangr-aecae
1005 848 1209 924 antecessisse,
1230 853 1328 930 neque
1350 867 1433 927 vero,
1456 864 1614 916 causarum
1637 865 1747 914 nexum
1764 849 1843 914 inter
1862 855 2018 931 utramque
2035 849 2214 928 interlniaee,

614 974 846 1040 demonstretur.
891 973 1025 1038 Similem
1046 973 1198 1056 quandem
1219 973 1360 1036 necroein
1382 973 1414 1042 in
1435 972 1531 1039 vindo
1551 973 1615 1038 vidi
1635 973 1707 1038 inde
1729 975 1857 1040 fortasse
1879 981 2023 1050 exortam,
2045 973 2130 1058 qnod
2151 973 2215 1040 die·

615 1081 672 1162 ius
694 1105 765 1184 post
786 1097 913 1180 primam
935 1098 1100 1162 laesionem
1122 1097 1252 1162 sedecim
1276 1095 1322 1182 (v.
1346 1119 1376 1180 p.
1399 1095 1503 1184 aut),
1526 1105 1587 1180 quo
1610 1097 1779 1165 accuratius
1794 1098 1827 1162 in
1849 1118 1886 1164 oe
1909 1098 2059 1181 inquirere
2081 1117 2214 1180 possem,

614 1224 717 1287 denuo
739 1221 867 1287 exsectis
889 1221 977 1286 labiis
1001 1221 1144 1298 mineris,
1167 1221 1329 1284 caruncula
1348 1224 1414 1302 J'am
1435 1221 1873 1316 paenecxpled'specilloquc
1894 1222 1927 1285 in
1943 1221 2096 1286 lamellam
2118 1241 2215 1286 cmor-

612 1355 703 1426 mam,
725 1346 874 1429 pressinni
892 1349 957 1426 jana
979 1346 1141 1423 cedentem,
1164 1345 1269 1427 paullo
1292 1346 1412 1428 gravius
1434 1346 1578 1425 immisso,
1599 1347 1641 1412 ita
1662 1345 1818 1414 laesissem
1840 1365 1876 1410 os
1898 1347 2103 1429 suppositum,
2132 1367 2213 1410 nova

613 1471 903 1536 tarnatensem
930 1477 960 1534 et
981 1455 1121 1551 'grandis'
1150 1470 1318 1548 obtectum,
1347 1477 1381 1536 nt
1407 1463 1508 1536 denuo
1530 1471 1708 1553 particulam
1730 1473 1797 1550 ejus
1831 1471 1954 1536 emoriri
1981 1489 2108 1536 necmaa
2136 1483 2213 1536 essct

617 1599 662 1680 (v.
687 1595 762 1660 'lala
786 1597 838 1662 lll.
861 1598 912 1676 dg.
936 1595 964 1670 l,
987 1594 1043 1672 b.).

772 1721 984 1784 leenomena
1006 1717 1156 1795 morboso,
1177 1739 1256 1801 quse
1277 1719 1397 1784 necroai
1419 1719 1600 1797 excitantur,
1631 1719 1663 1782 in
1692 1719 1925 1786 inflammatione
1953 1719 2119 1786 consistunt
2148 1707 2214 1782 tnm'

612 1845 692 1910 telae
714 1864 821 1909 osseca
842 1843 938 1919 vives,
959 1843 1080 1908 necrosi
1102 1842 1208 1918 aifiuie,
1231 1851 1293 1908 tum
1317 1844 1445 1924 partium
1466 1843 1603 1909 mollium
1626 1841 1910 1924 circumjacena'um.
1956 1843 2057 1908 Prima
2077 1851 2207 1924 symptm

612 1979 701 2045 mata,
724 1969 832 2052 quibua
855 1967 1048 2035 {mammam
1070 1966 1216 2048 incipiens
1238 1969 1451 2046 manifestatur,
1473 1973 1633 2032 versantur
1652 1969 1684 2032 in
1707 1967 1815 2032 dolore
1836 1968 1992 2032 interiora·
2006 1967 2136 2048 partium
2155 1967 2207 2030 ob-

611 2095 735 2171 sidente,
757 2113 802 2170 ao,
823 2099 914 2176 prout
936 2091 1072 2156 celerius.
1085 2091 1135 2154 vol
1156 2091 1265 2158 lentius
1288 2093 1411 2158 morbus
1434 2093 1632 2174 progreditur,
1655 2093 1747 2156 modo
1769 2092 1880 2168 obtuso
1902 2093 1995 2159 modo
2026 2091 2145 2169 acriori,
2166 2093 2209 2156 in·

612 2219 737 2293 tardum,
759 2224 906 2299 utquam
929 2215 1056 2296 sypiiiiis
1077 2215 1189 2291 subest,
1212 2215 1373 2294 singtdarie
1396 2215 1507 2284 indolis
1531 2215 1608 2296 (dol
1632 2215 1820 2298 osteoccpi);
1855 2236 1927 2280 ossa
1948 2224 1979 2280 st
2010 2224 2113 2297 partes
2135 2217 2206 2280 mol·

611 2343 666 2420 les,
686 2343 807 2424 lateque
829 2345 948 2421 petente
970 2338 1090 2402 necrosi
1112 2345 1175 2404 tota
1198 2339 1338 2414 manbre,
1359 2340 1532 2412 rumelicum
1555 2340 1646 2416 cutis,
1668 2341 1797 2421 primum
1819 2359 1857 2406 ex
1879 2341 2114 2404 inflammatione
2133 2361 2204 2404 ncn-

612 2467 685 2530 dum
706 2465 868 2540 rubefacta,
891 2461 1011 2542 singulo
1034 2461 1154 2529 demrrm
1174 2462 1224 2524 vel
1246 2461 1452 2543 compluribus
1474 2463 1551 2528 locis
1573 2463 1605 2525 in
1627 2470 1761 2528 tumores
1781 2470 1863 2530 tactu
1886 2465 1961 2546 pnlti
1975 2465 2089 2530 similes
2109 2483 2199 2528 assur·

611 2593 661 2674 git,
684 2589 736 2674 qni
758 2587 879 2658 tandem
901 2587 994 2654 rubro
1017 2585 1121 2650 colore
1143 2585 1305 2666 tingunmr,
1327 2585 1399 2650 dnm
1421 2587 1576 2655 fluctuatio
1598 2587 1631 2651 in
1651 2588 1689 2652 iis
1708 2589 1977 2672 magismagieqne
1988 2590 2145 2654 manifesta
2160 2589 2203 2662 dtr

612 2717 770 2780 abscessus
785 2711 915 2794 denique
931 2711 1087 2791 rumpitur,
1110 2727 1277 2792 magnaque
1287 2711 1318 2776 vi
1338 2711 1423 2793 puris
1434 2710 1507 2774 boni
1529 2719 1560 2807 et
1581 2712 1671 2793 spissi
1693 2731 1761 2774 cum
1784 2733 1893 2794 magno
1916 2713 2032 2778 doloris
2043 2719 2073 2781 et
2095 2713 2207 2776 indam·

611 2838 751 2904 metionis
774 2835 914 2900 lenimine
937 2835 1042 2913 ejecta,
1062 2833 1152 2901 ulcus
1163 2834 1332 2898 fistulosum
1345 2834 1496 2919 relinquit.
1539 2835 1774 2918 Digitovelope
1786 2837 1903 2918 specilli
1922 2838 2117 2920 explorantes
2127 2847 2208 2902 certo

606 2969 687 3046 jem,
723 2961 755 3024 id
776 2959 861 3043 qnod
882 2959 931 3020 vel
954 2977 991 3019 ex
1026 2957 1155 3020 decursu
1185 2957 1283 3020 morbi
1318 2959 1428 3038 conjici
1456 2959 1579 3036 licebat,
1609 2961 1746 3022 morbum
1777 2981 1815 3022 ex
1845 2979 1915 3024 osse
1943 2963 2112 3042 proiectum
2142 2983 2209 3028 esse

609 3084 834 3168 cognoscimus;
857 3083 963 3144 ductus
988 3081 1067 3144 enim
1089 3081 1243 3146 fistulosus
1266 3082 1314 3144 vel
1337 3081 1376 3144 ad
1396 3081 1533 3162 glabram
1555 3083 1633 3148 ossis
1655 3083 1854 3164 superficiem,
1876 3086 2029 3166 periosteo
2050 3087 2208 3167 nudatam,

609 3209 747 3294 perducit
768 3207 817 3270 vel
840 3205 980 3270 foramini
1004 3203 1102 3280 alicui,
1125 3205 1154 3268 in
1178 3205 1320 3270 interiora
1343 3206 1421 3268 ossis
1444 3207 1620 3287 penetranti,
1643 3208 1843 3271 continuatur.

769 3329 951 3411 Suppuratio
974 3347 1036 3391 nou
1059 3329 1143 3410 prius
1165 3309 1270 3403 cessei,
1292 3350 1382 3412 quam
1404 3351 1475 3411 pars
1500 3339 1636 3394 emortua
1663 3333 1801 3409 secessit,
1830 3341 1861 3396 et
1890 3333 1975 3396 varia
1996 3341 2042 3398 est
2064 3341 2128 3396 turn
2150 3355 2208 3416 pro

609 3457 782 3524 conditione
804 3427 911 3516 virium
933 3452 982 3514 vel
1006 3451 1096 3514 totius
1125 3452 1262 3532 corporis
1283 3452 1333 3514 uel
1357 3455 1449 3534 partis
1472 3455 1610 3531 affectae,
1645 3465 1708 3520 tum
1731 3477 1787 3537 pro
1810 3457 1966 3533 vitiorum,
2000 3457 2027 3520 si
2054 3477 2114 3540 quc
2135 3468 2206 3524 sunt

608 3605 664 3668 per
684 3589 780 3645 totum
803 3597 914 3658 corpus
937 3575 1052 3651 diffusa,
1075 3575 1255 3644 diversitate.
1292 3579 1410 3660 ltaque
1438 3578 1470 3642 io
1500 3579 1635 3642 carendo
1665 3581 1771 3644 morbo
1801 3581 1930 3662 primum
1956 3581 2015 3644 hoc
2043 3582 2205 3646 videndum

607 3715 661 3784 est,
682 3723 716 3771 ut
737 3704 778 3767 ad
797 3701 964 3783 simplicem
986 3699 1155 3782 lienemque
1176 3703 1423 3802 suppurationem
1445 3701 1494 3766 ree
1523 3704 1718 3783 perdonatum
1752 3705 1904 3768 tollendae
1927 3701 2117 3786 dyscrasiae,
2139 3708 2206 3790 qni·

606 3833 733 3894 boscum
754 3828 807 3890 illa
830 3824 1010 3906 complicata
1032 3831 1085 3900 est,
1107 3825 1389 3908 curandumqueut
1409 3847 1467 3908 pus
1489 3827 1621 3910 undique
1643 3827 1737 3892 libere
1760 3828 1842 3902 exire
1864 3828 2029 3910 possitne
2052 3830 2140 3894 altius
2152 3831 2207 3896 de·

607 3955 731 4018 missum
753 3949 867 4014 manias
889 3949 998 4029 gignat
1044 3947 1182 4010 Alterum
1204 3957 1257 4026 est,
1279 3959 1313 4012 nt
1335 3969 1404 4032 pars
1427 3970 1516 4014 ossea
1538 3959 1675 4014 emortua
1697 3955 1860 4020 auferatur.
1904 3957 1992 4034 erae
2013 3961 2048 4016 ut
2069 3954 2107 4016 ab
2129 3974 2205 4020 osse

481 4132 489 4146 .
606 4080 677 4142 vivo
699 4077 884 4158 seJungalur,
907 4071 973 4152 ipsa
996 4077 1103 4132 natura
1125 4073 1257 4151 perimit3
1280 4081 1309 4136 ct
1331 4073 1474 4156 quidquid
1498 4083 1561 4138 arte
1583 4076 1689 4138 tentari
1712 4076 1764 4136 ad·
1780 4077 2016 4156 promovendam
2038 4081 2206 4160 separatio-

607 4223 675 4264 nem
698 4206 804 4281 potest,
827 4195 852 4259 si
875 4216 937 4258 non
960 4213 1086 4276 prorsus
1110 4204 1207 4270 nocet,
1229 4207 1310 4258 curte
1332 4206 1432 4260 tamen
1454 4198 1560 4264 inutile
1582 4207 1635 4262 est
1682 4199 1815 4262 Perfecta
1838 4220 1911 4262 vcro
1940 4201 2144 4282 separatione,
2174 4213 2206 4268 et

602 4323 737 4407 undiquc
759 4321 860 4384 soluta
881 4319 1008 4394 naemei,
1031 4325 1095 4384 arte
1117 4320 1352 4388 subveniendum
1375 4331 1404 4385 et
1427 4341 1497 4404 pars
1521 4333 1657 4387 emortua
1680 4321 1836 4384 eximendo
1859 4333 1922 4398 eata
1952 4345 2029 4406 qnae
2059 4326 2085 4388 si
2107 4347 2205 4390 rema·

605 4463 663 4526 uet,
688 4447 735 4509 vel
759 4446 826 4510 sola
847 4445 878 4506 in
900 4463 993 4504 censa
1015 4457 1067 4519 est,
1090 4453 1124 4506 nt
1150 4445 1327 4526 suppuratio
1356 4447 1526 4508 etiamnunc
1556 4453 1680 4527 perstet,
1713 4446 1761 4508 vel
1792 4447 1843 4508 uhi
1872 4449 1946 4510 haec
1973 4450 2051 4514 vitiis
2080 4451 2205 4514 internis

605 4576 701 4651 alitur,
724 4587 915 4650 summopere
936 4557 1035 4628 ta'mcn
1057 4576 1157 4630 nocet.
1202 4569 1400 4650 Largicndum
1423 4569 1557 4652 quidem,
1590 4569 1621 4631 in
1654 4571 1711 4632 heo
1737 4591 1858 4654 quoquc
1886 4591 1920 4634 re
1949 4571 2040 4654 piane
2068 4575 2204 4639 miranda

604 4741 921 4762 —W—

761 4870 802 4938 (1)
821 4873 991 4935 Donasse,
1016 4875 1059 4921 in:
1084 4871 1177 4924 lauro.
1197 4872 1305 4932 paceni
1323 4874 1356 4922 da
1376 4873 1522 4938 medeam,
1550 4883 1612 4928 tom.
1631 4869 1763 4930 xxxin,
1781 4875 1846 4925 Juia
1865 4873 1944 4926 1815.
1963 4877 2000 4927 ct.
2019 4878 2201 4941 charmi-it,

603 4965 755 5016 recherches
774 4961 874 5010 curies
893 4963 1042 5010 metretam-s
1062 4969 1112 5010 etc.
1131 4978 1157 5025 p.
1176 4959 1239 5016 alt.
