4856 5896
950 521 956 530 '
991 551 1041 625 rc

371 755 542 839 aliquando
564 757 690 820 alterins
708 757 870 821 candentia
893 758 924 820 iu
936 775 1007 823 osae
1028 760 1135 823 fiands
1147 768 1344 841 processerat,
1367 763 1815 846 margoeupraorbitalisdurue

209 891 272 942 erat
295 887 325 941 et
343 879 416 941 setis
432 899 560 957 creaars,
583 880 850 962 proficiscebantur
872 881 963 946 abeo
986 883 1064 946 duae
1086 885 1261 966 squamulae
1283 885 1488 963 aenedameres,
1510 905 1637 971 quarm
1653 887 1747 950 altera
1761 909 1814 970 pa-

208 1003 311 1064 rictem
333 1003 522 1083 superiorem
544 1003 661 1066 orbitae
682 1005 820 1085 lingebat,
843 1005 937 1068 altera
958 1007 1051 1088 paulo
1074 1009 1176 1088 major
1193 1025 1301 1071 verena
1323 1009 1465 1072 verticem
1487 1021 1627 1092 porrecta
1649 1019 1728 1086 erat;
1750 1031 1813 1072 raa-

209 1125 317 1187 simam
345 1131 461 1206 partem
484 1127 578 1188 durae
593 1129 658 1206 jam
681 1135 767 1190 erarrt
789 1135 818 1190 'et
840 1149 962 1205 osseae,
995 1115 1124 1194 siccatae
1146 1133 1273 1194 iormanr
1296 1153 1381 1196 suam
1403 1133 1544 1196 tenebant
1566 1143 1596 1195 et
1617 1135 1706 1196 lactei
1729 1143 1814 1196 orant

208 1249 337 1323 coloris;
367 1255 496 1310 attamen
519 1250 687 1312 cautissime
710 1252 855 1332 separatis
878 1253 1087 1332 integumentis
1110 1255 1203 1316 cranii
1226 1256 1475 1332 membranaceis,
1504 1257 1535 1317 in
1559 1259 1692 1337 margine
1715 1259 1812 1320 libero
1912 1245 1915 1252 ¹

207 1372 372 1434 substantia
394 1371 540 1454 quaedam
563 1373 693 1450 mollior,
715 1373 836 1436 clastica
855 1375 943 1437 facile
955 1379 1099 1456 cognosci
1121 1384 1246 1459 poterat,
1269 1380 1347 1441 inter
1368 1379 1549 1454 siccandum,
1572 1388 1685 1461 utpote
1699 1384 1811 1447 anus·

206 1495 296 1571 sinna,
319 1496 382 1559 iere
411 1515 537 1577 prorsus
566 1515 766 1572 evanescens,
796 1500 964 1562 accuratius
993 1517 1067 1563 vero
1097 1501 1238 1584 inquisite
1264 1501 1468 1582 cartilaginem
1496 1523 1529 1564 se
1558 1521 1625 1566 esse
1641 1523 1811 1587 apparens.

206 1619 267 1681 Sub
291 1619 491 1699 mici-oscopio
514 1620 545 1681 in
568 1621 700 1700 margine
723 1621 934 1702 supraorbitali
956 1625 1092 1705 opaciori
1113 1623 1206 1710 (Ταί).
1229 1627 1252 1686 Ι.
1276 1627 1295 1687 l.
1319 1621 1368 1706 2.)
1390 1628 1631 1708 inconspectum
1652 1627 1813 1690 veniabant

205 1751 363 1823 aperturae
375 1742 611 1805 canaliculorum
623 1743 835 1822 subrotnudae,
858 1754 905 1808 sat
920 1765 1054 1827 magnae,
1077 1748 1129 1832 qui
1150 1747 1272 1811 candes
1295 1749 1489 1812 substantiam
1511 1750 1633 1832 oblique
1655 1753 1811 1830 periurae-

205 1875 248 1929 tcs
272 1873 360 1948 atque
383 1867 461 1928 iuter
481 1885 515 1929 se
537 1867 691 1946 conjuncti
714 1869 905 1948 pelluccbant
927 1869 1021 1955 (Tab.
1043 1873 1066 1934 l.
1090 1873 1111 1934 i.
1133 1870 1165 1935 2.
1191 1893 1216 1934 c.
1239 1872 1296 1957 c).
1342 1873 1510 1954 aperturae
1521 1873 1592 1935 illae
1613 1893 1719 1938 versus
1732 1893 1810 1936 mar-

203 1991 303 2070 ginem
325 1990 491 2052 tenuiorem
515 1990 626 2052 sensim
649 1991 680 2052 in
701 1991 770 2054 acle
792 1994 947 2072 toramine,
978 1994 1101 2077 oblique
1122 1995 1261 2059 foliolum
1282 1998 1480 2078 perforantia,
1504 1998 1638 2074 abibant,
1661 2018 1680 2059 a
1703 1999 1810 2080 quibus

175 2149 182 2154 -
205 2113 318 2194 passim
340 2111 460 2176 tenuior
483 2112 629 2196 quaedam
663 2114 811 2195 particula
831 2116 1086 2196 proficiscebatur,
1109 2117 1332 2200 depressionem
1355 2121 1403 2182 vel
1426 2123 1636 2183 semicanalem
1665 2121 1810 2204 quodam·

203 2237 295 2298 modo
318 2238 463 2310 refercas;
491 2237 611 2298 tandem
640 2238 888 2301 inrarninulorum
917 2239 1040 2323 obliqua
1062 2258 1183 2324 quoque
1206 2243 1322 2322 species
1348 2242 1526 2324 disparebat,
1549 2254 1579 2305 et
1600 2245 1671 2307 locc
1695 2242 1807 2305 mndi-

203 2359 341 2422 culorum
364 2361 490 2422 lacunae
513 2362 710 2442 apparebant,
737 2383 815 2444 quac
844 2371 882 2424 et.
903 2363 995 2443 ipsae·
1016 2365 1047 2425 in
1076 2371 1162 2444 parte
1189 2365 1345 2444 marginali
1368 2366 1465 2428 adirnc
1487 2365 1571 2429 molli
1593 2385 1656 2429 non
1681 2365 1807 2447 amplius

202 2484 470 2566 conspiciebantur:
516 2485 585 2565 lpsa
607 2487 681 2547 baec
703 2459 775 2568 pars
796 2486 992 2548 substantiam
1012 2487 1163 2550 rescrebat
1185 2488 1348 2571 aequalem,
1370 2509 1498 2570 prorsus
1518 2489 1718 2571 pellucidam
1750 2490 1807 2564 cui,

201 2606 266 2669 sine
288 2607 353 2670 ullo
377 2609 490 2685 ordine,
513 2627 621 2688 magna
642 2609 688 2672 vis
710 2608 846 2689 inspersa
859 2615 922 2670 erat
939 2609 1144 2673 orbiculorum
1163 2611 1226 2673 iere
1237 2613 1446 2689 rotundorum,
1458 2613 1527 2676 sol'o
1549 2614 1654 2676 colore
1677 2613 1807 2675 mscicre

201 2730 357 2813 areliqua
379 2729 560 2806 substantia,
583 2731 668 2792 nullo
694 2731 798 2793 colore
821 2735 936 2808 tincta,
950 2732 1147 2794 differentium
1170 2734 1260 2814 (rab.
1273 2735 1296 2796 1.
1320 2735 1368 2814 lig.
1381 2734 1415 2800 2.
1429 2737 1459 2801 d.
1473 2737 1529 2814 d).
1563 2738 1602 2798 lii
1625 2735 1751 2799 orbiculi
1776 2737 1806 2796 iu

201 2873 238 2914 ca
267 2871 388 2935 quoque
417 2859 502 2934 parte
527 2851 731 2933 conspiciendi
754 2859 851 2928 erant,
881 2873 958 2935 quae
988 2863 1098 2916 terram
1117 2857 1182 2933 jam
1204 2873 1323 2916 osseam
1346 2867 1520 2935 exceperat,
1551 2877 1587 2919 ac
1617 2860 1706 2937 piune
1734 2876 1807 2920 cou-

201 2976 348 3056 gruebaut
376 2995 444 3037 cum
472 2976 676 3056 corpusculis,
699 2983 783 3058 quae
799 2996 893 3057 supra
916 2977 1065 3057 descripta
1095 2986 1180 3051 sunt,
1210 2977 1382 3058 cartilagini
1402 2977 1613 3052 insidentibus,
1641 2981 1698 3042 nisi
1725 2979 1806 3059 quod

201 3098 341 3180 speciem
354 3099 516 3162 rotundam
538 3099 664 3181 propius
686 3097 881 3162 accedebant.

360 3223 522 3300 badonas,
551 3221 729 3306 quibusnam
751 3223 841 3286 rebus
865 3223 1008 3304 cartilago
1030 3203 1209 3306 permanens
1240 3226 1278 3288 ab
1301 3245 1352 3304 ea,
1380 3245 1456 3310 quae
1484 3229 1515 3290 in
1546 3247 1581 3292 os
1610 3229 1726 3290 abitura
1754 3235 1806 3303 est,

201 3345 324 3422 diderat,
347 3346 536 3428 cartilagines
559 3347 674 3428 aliquot
695 3353 863 3423 costarum,
893 3367 931 3410 cx
960 3348 1068 3410 eodem
1091 3350 1255 3430 embryoue
1284 3351 1414 3414 cuniculi
1437 3352 1588 3414 desumtas
1611 3339 1805 3435 inquirebam.

201 3475 350 3550 Quantam
372 3471 472 3532 titisse·
488 3469 713 3532 admirationem
736 3492 832 3532 meam
855 3479 958 3552 putas,
987 3472 1073 3555 quod'
1091 3493 1132 3535 ne
1153 3473 1275 3535 minima
1297 3475 1417 3556 quidem
1440 3474 1606 3537 differemia
1629 3461 1805 3556 apparebat!

200 3612 262 3655 uon
285 3591 379 3671 aliter,
402 3615 437 3656 ac
459 3613 551 3675 supra
573 3593 726 3674 descripsi,
749 3595 931 3675 corpuscula
953 3605 1042 3658 ovata
1065 3605 1236 3660 amaversa
1263 3598 1444 3660 substantiae
1463 3599 1666 3679 catilagineae‚
1689 3607 1804 3660 cetero-

200 3716 273 3799 quin
295 3717 420 3799 aequali,
441 3717 622 3790 insidebant;
645 3717 824 3795 trorralitcr,
847 3737 924 3801 quae
947 3739 1015 3781 cum
1037 3739 1074 3781 ea
1096 3721 1287 3800 contingebat
1308 3739 1379 3802 pars
1399 3729 1501 3782 costae
1520 3741 1616 3796 ossea,
1641 3724 1804 3801 marginem

200 3839 413 3902 denticulatnm
440 3839 609 3913 exhibebat;
638 3860 703 3902 nec·
730 3861 858 3922 usquam
879 3841 960 3901 linea
983 3841 1081 3924 aliqua
1105 3843 1239 3922 conspici
1261 3849 1392 3922 poterat,
1423 3861 1482 3922 qua
1513 3843 1665 3921 cartilago
1685 3861 1803 3922 pertua-

200 3983 273 4026 nena
296 3965 334 4026 ab
365 3963 472 4040 altera,
501 3963 531 4025 in
552 3983 589 4026 os
618 3963 748 4040 abitura,
775 3964 1016 4044 distingueretur.
1061 3961 1134 4025 Nou
1157 3963 1216 4024 alia
1238 3964 1270 4026 in
1291 3963 1515 4044 cartilaginibus
1537 3964 1671 4044 laryngis
1693 3965 1802 4026 iuveni.

200 4088 298 4169 Atque
320 4107 357 4150 eo
381 4087 473 4167 magis
496 4089 619 4150 miratus
646 4107 728 4163 ann,
758 4107 819 4170 qno
848 4107 884 4150 ea
912 4089 1066 4170 hucusque
1093 4085 1187 4148 valuit
1209 4086 1322 4168 opinio,
1353 4085 1556 4168 cartilaginem
1579 4099 1802 4168 permanentem

200 4213 316 4274 seriore
338 4217 473 4293 tempore
495 4219 563 4274 tarn·
579 4211 742 4288 elementis,
765 4211 872 4293 quibus
895 4211 1106 4287 constituatur,
1138 4209 1290 4286 chemicis,
1314 4229 1402 4293 quam
1426 4219 1576 4274 structura
1598 4212 1741 4274 interiore
1764 4213 1801 4274 ab

200 4335 293 4397 altera
315 4336 450 4408 didcme3
479 4336 603 4417 quaesi
625 4335 667 4396 ita
689 4341 804 4412 essent,
833 4353 924 4416 quum
954 4333 1059 4396 eadbm
1086 4333 1241 4416 utriusque
1270 4334 1302 4395 iir
1325 4333 1488 4413 embryone
1518 4335 1648 4396 cuniculi
1670 4336 1804 4398 conditio

198 4457 244 4534 sit,
266 4459 449 4521 eredendum
471 4459 564 4534 toret,
594 4457 625 4519 iu
653 4457 827 4536 cartilagine
855 4463 1056 4538 permanente
1077 4475 1140 4520 nou
1171 4456 1270 4519 solum
1300 4472 1371 4518 non¹
1386 4457 1451 4518 tisri
1474 4453 1719 4533 ossilicationem,
1749 4461 1803 4520 sed
1909 4457 1912 4464 ’

199 4583 288 4644 etiam
310 4585 447 4642 naturam
467 4581 593 4660 postliac
613 4581 646 4642 'm
670 4601 706 4642 ea
729 4579 946 4643 constrrmanda
968 4579 1058 4660 plane
1081 4579 1229 4642 ‹livemam
1251 4580 1392 4662 persequi
1416 4582 1571 4643 rationem.

358 4701 563 4784 Epiphysium,
584 4703 615 4763 in
637 4704 744 4786 quibus
766 4703 860 4785 lango
883 4703 972 4766 etiam
994 4711 1065 4785 post
1085 4709 1188 4766 natum
1210 4709 1350 4784 tempore
1369 4703 1523 4766 observari
1545 4713 1644 4784 potest
1667 4705 1800 4768 ossiiica-

198 4827 248 4905 tio,
272 4827 384 4910 dirplex
405 4825 437 4887 in
459 4825 523 4887 hac·
536 4845 570 4887 rc
593 4825 778 4906 exploranda
799 4836 983 4890 momentum
1005 4833 1066 4900 est;
1089 4825 1200 4909 quippe
1221 4845 1284 4889 non
1307 4827 1416 4904 soltrm,
1440 4826 1593 4909 quomodo
1613 4827 1721 4907 singuli
1744 4847 1799 4888 nu·

199 4953 262 5014 clei*
278 4951 493 5016 ossiiicationes
516 4949 600 5024 fiant,
629 4949 683 5011 sed
706 4951 810 5026 etiam,
838 4949 999 5033 quomodo·
1021 4941 1207 5032 longitudine
1236 4951 1402 5032 diaplryses·
1425 4951 1608 5026 increscant,
1637 4959 1705 5010 ante
1727 4967 1799 5010 ocu.
1835 4999 1839 5004 .
