4856 5896
1374 553 1427 626 42

599 787 794 853 quamquam,
818 766 915 849 qualis
938 785 1043 828 eorum
1065 765 1104 826 sit
1124 763 1185 840 vis,
1216 760 1423 823 difficillimum
1446 765 1492 822 est
1513 759 1665 842 inquisitu.
1711 759 1744 822 Si
1767 779 1803 823 os
1826 759 1948 824 dimidio
1971 721 2090 823 circiter
2111 760 2202 843 puu-

598 893 656 954 bus
678 890 782 953 tensis
804 891 953 970 privatim
974 908 1030 970 per
1050 888 1141 950 horas
1165 886 1241 948 1-
1256 885 1295 965 Ιξ
1319 889 1407 966 aqrra'
1419 883 1592 965 coquimus,
1614 883 1759 964 cartilago
1781 889 1960 946 structuram
1982 903 2068 946 suam
2090 883 2204 960 amittit,

599 1023 689 1098 atque
711 1015 742 1076 in
764 1013 958 1076 substantiam
979 1010 1161 1092 glutinosam
1182 1009 1232 1074 vel
1253 1008 1451 1088 gelatinosam
1473 1007 1545 1084 abit,
1567 1025 1665 1088 nequa
1687 1013 1786 1070 umen
1808 1006 1949 1082 salvinum
1970 1008 2044 1072 hacc
2065 1007 2205 1070 substan-

600 1139 645 1202 tia
664 1139 701 1200 iis
723 1137 808 1212 locis,
831 1137 938 1219 quibus
961 1155 1030 1198 cum
1052 1134 1186 1215 partibus
1209 1133 1288 1196 ossis
1299 1132 1434 1195 noudum
1456 1131 1646 1194 commutatis
1662 1131 1814 1210 confingit,
1836 1131 1969 1211 speciem
1988 1129 2207 1212 exhibetquaai

599 1261 733 1343 pulveris
756 1259 848 1322 albidi
870 1259 1014 1340 inspersi,
1043 1265 1132 1340 atque
1161 1257 1217 1320 sub
1245 1254 1463 1335 microscopio,
1493 1254 1668 1336 ceteroquin
1696 1253 1862 1335 pellucida,
1887 1253 1989 1318 multis
2019 1253 2207 1335 corpusculis

600 1385 701 1450 oratis
722 1382 773 1446 val
794 1383 1004 1458 subruamus,
1034 1381 1138 1462 opacis
1167 1379 1302 1460 praedita
1324 1385 1464 1459 apparet,
1486 1397 1564 1460 quae
1587 1377 1769 1459 corpuscula
1789 1377 1864 1440 nilril
1886 1377 2070 1458 crystallinei
2092 1377 2209 1456 labent

601 1509 730 1590 ideoque
750 1526 809 1589 pro
831 1506 1026 1586 praecipitato
1049 1524 1066 1566 e
1095 1503 1246 1566 solutione
1268 1503 1356 1566 nimis
1378 1508 1511 1564 samrata
1534 1501 1642 1564 salium
1664 1501 1755 1564 calcis
1777 1501 1880 1564 haberi
1900 1521 1964 1566 uon
1986 1509 2126 1583 possunt3
2153 1521 2206 1566 na-

601 1651 659 1714 que
681 1651 738 1712 pro
758 1630 886 1692 residuis
909 1629 987 1692 ossis
1010 1628 1135 1703 comesi,
1158 1647 1236 1708 quae
1257 1625 1380 1688 lormito
1403 1625 1607 1701 remanserint,
1629 1625 1862 1700 habendasunt;
1893 1625 2020 1688 candem
2042 1627 2121 1688 enim
2143 1627 2206 1690 tare

598 1774 707 1818 omues
729 1755 856 1814 forman
877 1753 988 1814 habent
1009 1759 1039 1812 at
1061 1750 1300 1830 magnitudinem,
1321 1768 1504 1830 aequavero
1527 1748 1675 1828 margines
1690 1767 1842 1812 wnoaos.
1878 1748 1977 1812 Anido
1988 1751 2145 1812 muriatico
2157 1749 2202 1811 di·

601 1877 666 1940 luto
688 1877 856 1938 humefacta
876 1874 1028 1955 pellucida
1050 1874 1133 1950 liunt,
1155 1873 1266 1935 relictis
1289 1873 1414 1935 macrrlis
1436 1873 1544 1948 tusca,
1573 1871 1733 1950 mamona,
1758 1891 1857 1955 nequa
1884 1872 1950 1936 ulla
1971 1873 2123 1936 bullarum
2144 1874 2200 1938 ob-

401 2051 407 2060 .
512 2075 518 2094 ἢ
602 2007 740 2062 servatur
762 1998 890 2062 emissio.
936 1999 1019 2060 llaec
1047 1996 1229 2078 corpuscula
1258 1997 1370 2073 torma,
1399 1996 1602 2078 magnitudine
1624 2003 1714 2078 atqua
1736 1996 1860 2058 omnino
1881 1996 1983 2076 specie
2005 2005 2128 2064 externa
2150 2017 2205 2078 pa·

602 2123 648 2184 ria
669 2129 739 2184 suut
761 2123 806 2198 iis,
828 2121 867 2182 de
889 2121 997 2202 quibus
1018 2140 1112 2201 supra
1134 2121 1208 2194 dixi3
1232 2127 1320 2200 atque
1337 2120 1440 2198 colligi
1457 2127 1558 2199 potest
1579 2137 1618 2182 ex
1640 2119 1738 2180 allatis
1756 2119 2025 2198 observationibus,
2046 2121 2206 2186 calonnam

602 2245 688 2306 aliter
710 2245 741 2304 in
763 2245 808 2321 iis,
830 2264 920 2326 quam
941 2245 973 2306 in
994 2243 1117 2324 reliquis
1140 2242 1284 2322 partibus,
1306 2261 1376 2302 cum
1398 2241 1492 2302 acidis
1510 2243 1647 2319 junctam
1670 2241 1832 2317 contineri;
1862 2243 2052 2306 carbunicam
2073 2263 2137 2308 nou
2158 2248 2205 2310 iu-

602 2387 678 2446 esse,
700 2387 738 2430 eo
761 2367 914 2448 probatur,
936 2365 1019 2447 quod
1040 2365 1119 2426 inter
1140 2364 1321 2427 solutionem
1342 2383 1407 2426 non
1428 2365 1635 2441 effervescunt,
1656 2365 1806 2438 uisilaec
1824 2369 1985 2446 auteajam
1995 2366 2097 2431 soluta
2107 2369 2203 2433 luerit.

762 2614 940 2694 Priusquam
962 2613 1052 2674 tinem
1073 2613 1163 2691 hujus
1187 2611 1293 2692 capitis
1316 2610 1431 2685 faciam,
1453 2617 1554 2686 restat,
1576 2619 1610 2672 ut
1632 2631 1789 2692 exponam,
1812 2615 1934 2694 quanm
1955 2614 2016 2676 tela
2038 2635 2128 2680 ossea
2149 2619 2204 2681 suh

604 2737 825 2816 cartilaginibus
836 2735 1045 2798 articularibus
1057 2743 1152 2797 excat.
1188 2735 1228 2810 si,
1250 2733 1383 2796 adhibito
1406 2733 1493 2796 acido
1516 2735 1682 2812 muriatico,
1704 2736 1907 2816 cartilaginem
1916 2738 2108 2802 articulatam
2118 2761 2204 2822 sepa·

604 2879 720 2936 ramus‚
742 2859 915 2940 superficies
938 2860 1031 2935 ossis,
1061 2833 1225 2940 quactum
1247 2865 1386 2937 apparet,
1415 2858 1546 2936 speciem
1568 2858 1656 2920 otiert
1678 2860 1880 2941 inaequalem,
1908 2861 2009 2924 millis
2033 2863 2200 2926 eminentiis

603 2983 738 3063 parvulis
760 2983 914 3062 insignem,
939 2982 1047 3063 quibus
1069 2981 1100 3042 in
1122 2981 1282 3061 superficie
1305 2981 1501 3060 cartilaginis,
1535 3002 1613 3063 quae
1636 2989 1724 3044 autea
1746 3003 1815 3044 eum
1838 3003 1907 3046 osse
1930 2986 2118 3064 cohaeserat,
2147 2988 2203 3049 im-

604 3105 776 3185 pressiones
797 3104 1014 3178 subrotundae,
1042 3111 1123 3166 arcta
1146 3103 1331 3182 constipatae
1354 3103 1545 3182 respondent
1591 3105 1685 3166 Facta
1711 3107 1844 3168 mione
1873 3107 2099 3188 lougimdinali,
2126 3129 2205 3172 mar-

604 3229 703 3308 ginem
725 3227 803 3288 ossis
827 3247 885 3306 ope
908 3227 1099 3308 nicroscopii
1122 3227 1199 3289 serie
1222 3226 1404 3306 papillarum
1427 3235 1567 3290 constare
1588 3227 1740 3303 videmus3
1763 3249 1891 3310 quarum
1910 3231 1941 3294 iu
1963 3232 2112 3311 unfflrlam
2133 3253 2205 3316 pro-

604 3351 696 3412 urinet
719 3349 916 3426 canaliculus,
944 3370 1012 3412 curn
1034 3351 1199 3413 substantia
1223 3351 1388 3429 spongiosa
1410 3351 1654 3413 conuuunionem
1676 3351 1806 3427 habena,
1829 3353 1909 3416 striis
1932 3353 2130 3420 concentricis
2152 3359 2206 3420 ati-

605 3481 693 3554 patus
715 3481 804 3556 atquc
826 3474 974 3535 anteriore
997 3481 1097 3553 parte,
1126 3473 1291 3552 cartilagini
1321 3472 1463 3550 obversa,
1494 3473 1624 3536 clausus.
1669 3475 1744 3537 Pars
1772 3477 1905 3540 sectione
1928 3479 2122 3542 caravanas
2142 3499 2206 3544 uon

605 3597 646 3659 ita
667 3617 763 3678 prope
787 3596 826 3657 ad
848 3597 1038 3677 superficiem
1060 3595 1193 3660 abscissa
1213 3597 1307 3660 lineas
1330 3596 1448 3658 antibat
1471 3597 1681 3660 concentricas
1709 3597 1896 3662 canaliculos
1919 3601 2136 3664 circumdantes
2160 3612 2205 3666 at·

605 3740 662 3801 que
686 3720 835 3782 intereas
858 3720 1004 3782 serantina
1025 3720 1075 3781 vel
1097 3719 1254 3782 irrtervalla
1283 3723 1409 3800 majora.
1454 3722 1668 3782 Oonlormutur
1690 3741 1762 3801 crgo
1786 3721 1878 3784 iacies
1901 3723 2068 3788 articularis
2091 3727 2205 3791 ossitun

605 3863 712 3922 taragna
734 3844 764 3904 vi
788 3843 1024 3906 omnliculorum
1046 3843 1196 3920 tcuuiuur,
1225 3845 1276 3926 qui
1299 3865 1317 3904 u
1340 3844 1426 3907 cellis
1449 3845 1631 3908 substantiae
1653 3845 1836 3925 spongiosac
1858 3847 2003 3925 originem
2026 3847 2153 3926 ducunt,
2176 3859 2205 3912 ct

605 3963 732 4024 taurellis
756 3965 953 4025 concentricis
977 3953 1063 4044 qu'asi
1086 3965 1258 4042 digitalibus
1281 3967 1370 4027 cincti
1393 3987 1487 4029 coeco
1511 3969 1571 4028 linc
1593 3977 1719 4054 exeunt3
1742 3987 1803 4050 quo
1826 3969 1868 4045 tit,
1890 3979 1922 4032 ut
1945 3977 2008 4034 mm
2030 3991 2086 4052 per
2106 3975 2205 4052 majus

606 4085 734 4164 spatium
763 4084 871 4146 existat
899 4091 1069 4161 conmotus,
1098 4095 1160 4148 tum
1189 4096 1315 4166 propter
1351 4088 1480 4168 papillas
1509 4090 1540 4150 iu
1570 4090 1782 4169 impressiones
1810 4091 1991 4172 wetaginn
2019 4095 2205 4160 maurum

607 4208 718 4270 arctior
739 4209 817 4270 inter
839 4217 997 4291 utrumque
1020 4209 1071 4270 tiat
1094 4209 1277 4290 conjunctio.
1304 4243 1342 4258 -
