4784 5894
1366 552 1442 630 154

603 772 715 836 bouem
740 768 970 850 impedientibus
993 785 1066 848 prae
1089 765 1211 846 reliquis
1233 769 1429 827 nurnerantur
1452 761 1608 842 dyscrasia
1630 759 1883 832 carcinomatosa,
1905 755 2092 830 scorbuticu,
2115 773 2207 818 reuc-

603 915 665 972 rea,
690 905 721 958 et
742 894 884 960 cachexia
906 890 1104 965 mercurialis,
1127 909 1205 972 quae
1229 907 1334 953 omncs
1357 885 1542 968 singularem
1561 884 1646 948 illam
1667 883 1798 948 necdum
1819 881 1898 944 bene
1918 880 2070 960 cognitam
2093 879 2206 944 ossium

603 1019 869 1090 commentationem
881 1017 1024 1096 gignunt,
1044 1033 1124 1096 quae
1134 1015 1293 1096 fragilitate
1308 1013 1438 1078 maxime
1453 1009 1582 1093 quadam
1611 1028 1666 1072 seu
1687 1005 1857 1070 friabilitato
1880 1004 2024 1068 cernimr.
2069 1003 2207 1080 dtamen

604 1144 797 1224 exceptiones
817 1141 877 1210 bac
894 1157 1022 1222 quoque
1030 1138 1119 1202 babet
1129 1138 1301 1204 nonnullas.
1325 1135 1480 1202 Brodie
1502 1134 1690 1210 sacrationem
1713 1131 1878 1214 perreriam
1891 1129 2064 1192 observavit
2084 1128 2117 1190 in
2134 1129 2207 1197 viro,

605 1267 653 1328 cni
677 1264 839 1340 clauicula,
862 1264 926 1326 sivo
949 1263 1056 1326 morbo
1078 1281 1210 1326 rorereo
1233 1264 1299 1326 aive
1320 1259 1462 1324 cachexia
1483 1255 1657 1322 mercuriali
1687 1256 1862 1331 tumefacta,
1876 1254 1975 1316 -airnia
1998 1252 2112 1317 bradrii
2135 1270 2206 1314 con·

604 1391 736 1452 tentione
765 1391 859 1449 fracta
893 1395 966 1448 crat.
1029 1387 1111 1448 ldem
1146 1387 1333 1449 sanationem
1367 1403 1430 1446 non
1465 1382 1565 1446 nriuus
1597 1381 1718 1444 felicem
1748 1381 1780 1442 in
1811 1379 1924 1442 demina
1952 1376 2041 1452 vidit,
2079 1395 2164 1460 quae·
2177 1377 2205 1438 in

604 1515 683 1575 lecto
714 1514 801 1574 situm
834 1517 955 1572 mutans
989 1511 1087 1571 lemur
1109 1510 1196 1589 tregit
1233 1517 1262 1572 et
1286 1509 1471 1590 paulopost
1501 1524 1612 1569 cancro
1635 1522 1796 1580 mammae,
1835 1521 1896 1586 quo
1927 1504 1992 1582 jam
2015 1501 2066 1562 diu
2089 1499 2205 1562 labora-

606 1645 696 1710 verat,
720 1635 802 1698 obiit.
828 1667 868 1682 ·-
916 1633 1102 1712 erachitidc,
1125 1633 1157 1694 in
1181 1653 1241 1714 qua
1259 1631 1378 1714 quidem
1402 1635 1499 1693 totum
1521 1631 1652 1708 systema
1676 1627 1790 1690 ossium
1812 1624 1926 1688 salibus
1949 1624 2093 1687 calcards
2116 1633 2206 1703 egeat,

605 1743 740 1840 impediri
764 1758 867 1832 edam,
902 1777 964 1838 quo
988 1757 1085 1818 minus
1109 1756 1184 1818 hacc
1207 1757 1282 1818 salia
1305 1757 1335 1818 iu
1358 1754 1437 1817 callo
1462 1753 1666 1846 deponantur,
1701 1767 1880 1833 cassamque
1913 1747 1982 1812 inde
2012 1749 2207 1810 &octonarum

605 1881 781 1945 reuniouem
813 1879 879 1942 fieri
909 1899 972 1944 nou
1005 1899 1111 1960 posse,
1150 1899 1205 1960 per
1241 1900 1274 1942 se
1297 1879 1369 1940 satis
1403 1884 1495 1958 patet.
1551 1875 1603 1938 Sic
1635 1875 1747 1942 Bono
1770 1873 1824 1955 (Ι)
1859 1873 1891 1937 in
1922 1891 2020 1954 puero
2048 1870 2208 1936 rlrachitide

605 2005 712 2068 allecto
747 2023 894 2068 manorum
927 2002 1016 2066 trium
1049 2005 1145 2066 lemur
1178 2013 1247 2064 ante
1281 2003 1345 2073 dies
1378 2001 1568 2084 septuaginta
1597 2000 1727 2062 fractum
1756 1995 1895 2062 noudum
1924 2013 2015 2062 caseo
2038 1995 2118 2058 callo
2142 2013 2207 2058 reu·

605 2128 698 2190 nitunt
722 2127 843 2190 invonit.
867 2149 909 2172 -··
955 2126 1036 2207 Qrain
1059 2126 1223 2202 interdum,
1257 2127 1329 2190 licet
1362 2145 1434 2188 raro
1469 2123 1605 2208 quidem,
1644 2122 1758 2198 evenit,
1791 2129 1825 2184 ut
1857 2120 1954 2184 callos
1983 2122 2110 2201 jamjam
2141 2139 2207 2200 per·

604 2253 698 2312 lectus
732 2249 880 2310 incidente
914 2249 1021 2311 morbo
1056 2249 1233 2311 universali'
1254 2249 1438 2321 resultatum
1477 2249 1565 2325 cujus
1600 2248 1643 2308 rei
1677 2245 1891 2327 exempluma
1919 2244 2130 2311 Salamara
2152 2241 2207 2327 (2)

603 2380 756 2436 narratum
785 2379 841 2434 est.
891 2371 983 2434 Miles
1018 2351 1139 2454 quidam
1169 2373 1272 2437 tibiam
1302 2375 1443 2452 fregeram
1478 2371 1667 2452 fracturaque
1697 2370 1739 2432 ita
1766 2389 1893 2450 prorsus
1927 2375 2032 2434 sanata
2061 2379 2142 2448 crat,
2177 2377 2207 2430 ut

605 2515 695 2576 aeger
727 2494 881 2571 membro,
916 2514 1011 2576 aequa
1046 2515 1083 2558 ac
1118 2503 1213 2572 antea
1248 2497 1292 2558 uti
1325 2503 1444 2576 posset;
1479 2502 1549 2574 post
1581 2513 1700 2558 meuses
1734 2500 1804 2558 octo
1839 2495 1999 2558 vehemens
2032 2493 2124 2556 febris
2163 2493 2207 2554 in·

605 2619 685 2696 cidit,
707 2639 768 2702 qua
789 2618 916 2682 durante
939 2625 1072 2682 extrema
1095 2620 1173 2682 ossis
1197 2619 1436 2692 resolvebantur3
1471 2625 1577 2682 sanata
1598 2618 1674 2680 lebri
1698 2637 1735 2682 os
1758 2637 1776 2680 a
1798 2620 1905 2682 nattara
1927 2618 2048 2700 ipsein
2061 2619 2208 2697 integrum

606 2743 774 2806 restitutum
798 2751 854 2806 est.
900 2743 996 2805 Etiam
1019 2743 1276 2823 Langenbcck
1299 2741 1356 2827 (3)
1379 2741 1511 2824 pluries,
1546 2742 1573 2804 si
1595 2742 1678 2822 aegri
1700 2741 1775 2804 febri
1798 2761 1930 2805 nervosa
1957 2749 2009 2806 aut
2030 2740 2207 2823 erysipelate

604 2867 852 2950 corripiebantur,
876 2866 987 2930 callum
1010 2865 1222 2931 remollescere
1244 2866 1425 2930 observavit.
1470 2867 1691 2947 Marrigues
1714 2864 1766 2948 (l)
1790 2866 1822 2928 in
1843 2865 1937 2930 milite
1960 2865 2132 2930 scorbutico
2148 2864 2207 2928 cal·

602 2991 666 3054 lum
689 2993 839 3052 fracturae
863 3001 931 3054 ante
955 3011 1009 3054 sex
1032 3009 1150 3053 menses
1173 2998 1296 3052 sanatae
1319 2990 1432 3062 resolui
1454 2997 1484 3052 et
1506 2989 1637 3054 emolliri
1659 2991 1742 3066 vidit,
1763 3010 1821 3054 uec
1835 2991 1930 3072 prius,
1952 3009 2042 3073 quam
2056 2991 2113 3052 iste
2127 3008 2206 3052 mor-

603 3114 660 3174 bus
683 3114 819 3187 sublatus
843 3120 916 3190 erat,
951 3114 1056 3176 reunio
1080 3115 1159 3176 lacta
1182 3123 1237 3178 est.
1282 3113 1398 3176 Similia
1420 3113 1451 3174 in
1485 3112 1682 3194 nosocomiis,
1716 3131 1793 3195 qnae
1830 3123 1900 3176 sunt
1921 3115 2066 3191 Brestiae,
2087 3114 2205 3196 saepias

604 3237 760 3300 observari
783 3237 928 3300 feruntur.
944 3269 988 3282 —
1025 3238 1080 3324 'Dc
1102 3237 1581 3316 graviditatecallitormationem
1592 3237 1937 3318 impedienteMsckel
1961 3237 2012 3320 (5)
2035 3238 2139 3321 plures
2153 3237 2205 3301 ob-

604 3360 791 3420 servationes
815 3359 949 3438 collegit;
972 3360 1003 3420 in
1027 3379 1088 3420 uuo
1113 3379 1184 3420 casu
1208 3360 1280 3420 tibia
1298 3363 1363 3438 jam
1387 3363 1520 3422 secundo
1544 3361 1729 3441 graviditatis
1750 3381 1857 3424 meuse
1884 3364 1978 3426 fracta
2001 3371 2077 3436 erat,
2101 3371 2130 3425 el
2151 3381 2205 3426 no·

604 3503 672 3544 vem
704 3482 824 3544 demum
853 3483 1027 3562 septimanis
1056 3493 1139 3562 post.
1154 3484 1265 3547 editum
1295 3489 1414 3562 partum
1437 3484 1610 3557 consanuit;
1633 3485 1665 3546 in
1686 3485 1783 3547 altero
1805 3485 1967 3548 lactatione
1990 3487 2080 3550 etiam
2102 3487 2205 3548 reunia

603 3607 754 3670 retardata
777 3613 831 3668 est.
876 3605 984 3688 Neque
1007 3613 1105 3668 tannen
1129 3625 1249 3686 semper
1272 3607 1331 3668 boc
1354 3607 1480 3680 accidit;
1510 3607 1660 3670 Franks
1683 3605 1735 3689 (s)
1758 3610 1920 3674 fracturam
1943 3615 2045 3674 costae
2068 3619 2097 3672 ct
2118 3609 2206 3674 tibiae

602 3734 633 3793 in
655 3731 793 3816 gravida,
815 3729 991 3813 graviditate
1013 3729 1052 3792 ad
1074 3737 1190 3792 sextum
1210 3732 1275 3809 jaun
1298 3751 1431 3794 mensem
1452 3739 1612 3811 provecta,
1636 3732 1726 3794 trium
1748 3733 1897 3798 mensium
1918 3733 2017 3814 spatio
2039 3735 2141 3798 sanari
2162 3735 2204 3798 vi·

603 3857 657 3925 dic
681 3865 769 3936 atque
793 3853 995 3951 Boycr‘U)
1017 3855 1194 3933 graviditate
1217 3856 1426 3924 formationem
1450 3855 1519 3918 calli
1541 3877 1650 3936 parum
1672 3858 1816 3920 retardari
1840 3858 2002 3920 contendit

764 3975 888 4038 Sublata
916 3996 1079 4041 nervorum
1102 3979 1220 4040 actione
1250 3980 1318 4042 calli
1348 3981 1557 4042 formationem
1586 3981 1740 4064 impediri,
1763 3981 1990 4063 Roecbling
2012 3979 2065 4064 (8)
2089 3984 2204 4064 experi-

603 4097 924 4110 anun-—

701 4173 705 4180 Δ
766 4183 808 4254 (Ι)
830 4191 931 4252 Bono,
950 4191 968 4239 l.
988 4207 1010 4242 c.
1032 4209 1056 4254 p.
1078 4191 1137 4242 165.

763 4271 806 4341 (2)
824 4277 1021 4342 Salaniana,
1054 4281 1117 4335 diss.
1142 4281 1174 4329 de
1193 4283 1311 4329 articulis
1331 4283 1462 4344 analogia,
1482 4283 1544 4344 Cap.
1564 4283 1599 4336 ll.
1626 4283 1651 4344 ς.
1672 4285 1697 4334 'l.
1717 4310 1751 4320 -
1787 4283 1978 4348 Morgagui,
1996 4287 2016 4339 l.
2036 4301 2058 4342 c.
2079 4303 2120 4352 ep.
2139 4287 2203 4348 LVI,

601 4371 647 4412 art.
664 4361 708 4414 29.
729 4387 763 4400 -··
777 4365 915 4428 ,llaller,
935 4369 970 4419 el.
990 4370 1062 4432 phys.
1082 4371 1113 4419 Τ.
1133 4371 1206 4430 Vlll,
1225 4385 1250 4431 p.
1269 4367 1331 4421 ³50.

765 4449 804 4516 (3)
823 4455 1060 4520 Laugcnbeck,
1081 4475 1151 4508 neue
1170 4459 1322 4508 Bibliotbelr
1343 4461 1385 4506 [dr
1403 4460 1541 4524 chirurgio
1559 4477 1588 4514 u.
1605 4460 1855 4522 Augenlarilkunde.
1874 4461 1905 4514 Τ.
1925 4462 1946 4524 1,
1964 4477 1989 4525 p.
2008 4463 2051 4513 90.

764 4535 803 4605 (l)
823 4541 1024 4605 ltlarrigucs,
1043 4545 1064 4599 l.
1084 4562 1107 4598 c.
1127 4563 1151 4608 p.
1174 4545 1234 4601 165.

763 4623 804 4692 (5)
823 4627 971 4692 Merkel,
990 4633 1086 4692 pathol,
1104 4635 1180 4688 Anat.
1200 4636 1230 4689 Τ.
1251 4636 1286 4698 ll,
1304 4645 1367 4687 sect.
1386 4635 1422 4696 11,
1440 4653 1467 4700 p.
1487 4637 1532 4688 sl.

763 4713 803 4779 (6)
823 4717 933 4780 Eplrem.
953 4726 1005 4772 nat.
1025 4723 1123 4768 curios.
1143 4723 1199 4776 dcc.
1220 4725 1255 4785 ll,
1272 4738 1296 4774 a.
1317 4725 1367 4784 111,
1385 4725 1439 4774 olm.
1459 4724 1524 4779 20³.

762 4801 803 4870 (l)
822 4807 940 4875 lloyer,
958 4806 1206 4860 Kuocbenanoas.
1226 4813 1255 4860 Τ.
1277 4813 1297 4874 l,
1315 4830 1340 4876 p.
1359 4811 1403 4870 56.

687 4977 740 5030 8³⁴
762 4890 803 4957 (8)
822 4895 1029 4958 ltoecbling,
1048 4897 1110 4950 dias.
1130 4897 1163 4948 de
1185 4901 1223 4962 ri,
1243 4917 1320 4963 quam
1339 4901 1413 4950 uerri
1431 4909 1554 4953 caeream
1570 4903 1600 4952 iu
1619 4902 1853 4954 inflammationem
1871 4901 1982 4967 eiusque
1999 4907 2095 4956 exitus
2134 4863 2200 4960 soa·

603 4981 684 5030 nael
743 4997 794 5042 .p.
814 4981 858 5036 29,
