4784 5894
1284 523 1464 634 'loe

624 780 703 850 erat,
730 772 815 836 brevi
836 773 943 853 iugens
964 769 1107 834 volumen
1139 770 1381 848 nanciscebatur,
1410 777 1499 852 atque
1526 767 1773 836 exarticulalione
1801 769 1917 832 humeri
1945 768 2055 832 auferri
2084 765 2243 842 debebam
2368 713 2372 840 ⁴

624 899 686 962 ‹luo
709 897 832 962 trientes
855 898 923 976 ejus
947 894 1120 976 cartilagine
1142 895 1332 957 constabant.
1382 893 1439 956 Cui
1463 893 1598 957 exostosi
1619 894 1724 958 similis
1747 913 1813 956 esse
1834 893 1953 955 videtur
1975 893 2152 974 syphilitica
2185 911 2243 954 ex-

625 1023 736 1086 ostosis
757 1021 898 1084 maxillae
919 1019 1054 1082 mleriori
1076 1019 1217 1096 insidens,
1241 1038 1259 1080 a
1282 1017 1490 1081 (lullerier
1513 1017 1565 1095 (Ι)
1588 1017 1755 1096 observata,
1778 1035 1855 1100 qnae
1877 1016 2033 1080 celerrime
2044 1017 2244 1088 incr-amenta

625 1147 768 1228 capiebat,
781 1143 874 1238 ΙΙίιιίιίο
898 1143 1000 1206 mollis
1022 1143 1270 1220 cratetelaatica,
1292 1150 1434 1224 tauquam
1445 1142 1569 1204 fluidum
1580 1143 1708 1224 spissius
1720 1142 1893 1219 contineret,
1916 1152 2023 1223 postea
2032 1159 2108 1204 vero
2120 1141 2242 1204 almior

625 1246 703 1332 lacta
733 1277 762 1332 et
791 1267 911 1330 tandem
934 1268 966 1329 in
990 1267 1185 1330 substantiam
1205 1285 1278 1329 vere
1301 1285 1420 1330 osseam
1443 1273 1638 1343 commutata,
1670 1267 1845 1347 operatione
1868 1265 1986 1328 sublata
2008 1273 2063 1330 est.
2099 1299 2145 1314 -
2197 1267 2242 1326 Ut

624 1367 786 1477 plurimum
809 1411 883 1484 varo
907 1399 1064 1454 exustoses
1086 1391 1253 1453 lentissimo
1276 1391 1371 1470 gradu
1394 1390 1538 1462 existunc
1562 1392 1777 1471 phaenomena,
1800 1390 1909 1473 quibus
1934 1389 2009 1452 alias
2021 1390 2242 1452 mmilestatur

625 1517 826 1592 inflammatio,
849 1517 911 1578 lere
933 1535 1059 1597 prorsus
1083 1515 1199 1592 desunt,
1223 1515 1298 1576 cutis
1322 1513 1426 1575 colore
1449 1533 1511 1576 uon
1535 1521 1581 1576 est
1602 1521 1723 1590 mutata,
1746 1521 1826 1576 metat
1844 1514 2031 1588 noncalida;
2054 1512 2158 1592 dolor,
2184 1531 2242 1576 ex-

625 1643 718 1724 ceptis
740 1651 839 1704 tamen
863 1639 1047 1720 syplriliticis,
1070 1659 1146 1722 quas
1168 1638 1335 1719 singulares
1358 1636 1478 1720 quidem
1501 1637 1625 1702 dolores
1648 1637 1725 1713 (dol.
1751 1639 1923 1720 osteocopi)
1954 1638 2090 1701 comitari
2119 1637 2240 1713 solent,

625 1769 687 1828 lere
710 1765 812 1827 nullus
834 1763 1008 1844 percipitur.
1054 1762 1107 1824 Siu
1130 1781 1203 1824 vero
1227 1767 1384 1824 exustoses
1407 1761 1546 1824 celeriter
1568 1761 1696 1824 existant
1718 1767 1808 1844 atque
1824 1762 1999 1840 increscant,
2022 1765 2056 1825 ut
2071 1781 2114 1840 ea,
2139 1779 2240 1846 quam

626 1893 779 1970 Cooper
801 1887 984 1962 memoravit,
1007 1886 1083 1948 cutis
1105 1887 1197 1948 rubra
1219 1886 1253 1948 lit
1274 1892 1305 1948 et
1327 1885 1432 1963 calida,
1455 1885 1527 1970 quin
1550 1886 1639 1948 etiam
1661 1886 1752 1948 febris
1776 1881 1899 1949 accedit.

786 2014 904 2075 (laneae
928 2010 1113 2073 axostosium
1135 2009 1184 2072 vel
1207 2017 1348 2072 externae
1372 2017 1449 2088 sunt,
1471 2010 1521 2072 vel
1544 2011 1687 2074 internae.
1732 2009 1783 2072 Ad
1805 2009 1873 2072 illas
1901 2011 2052 2091 pertinent
2073 2013 2239 2074 contusio-

626 2157 694 2213 nes,
723 2137 852 2200 maxime
875 2137 1004 2216 partium
1026 2153 1144 2212 earum,
1172 2134 1202 2195 in
1226 2133 1333 2215 quibus
1357 2153 1428 2196 ossa
1450 2151 1546 2214 prope
1569 2134 1607 2196 ad
1631 2135 1820 2214 superficiem
1843 2136 1982 2215 corporis
2004 2137 2062 2198 sila
2083 2143 2172 2212 suut,
2202 2143 2238 2198 ut

625 2261 796 2342 superficiei
819 2259 921 2334 tibiae,
945 2257 1066 2338 capitisa
1096 2257 1223 2318 vulnera
1245 2257 1308 2318 sive
1332 2256 1425 2338 ipsius
1448 2257 1526 2319 ossis
1548 2258 1612 2319 aive
1634 2257 1764 2338 partium
1786 2259 2052 2334 contermiuamm3
2078 2278 2237 2342 suppura-

626 2387 668 2447 tio
694 2385 745 2446 tliu
768 2401 947 2464 permanens
970 2381 1001 2442 in
1024 2379 1175 2442 vicinitate
1199 2380 1326 2455 ossium,
1350 2388 1383 2441 ut
1405 2380 1518 2460 paucis,
1541 2380 1685 2462 quidquid
1707 2381 1749 2442 ita
1771 2381 1888 2443 irritare
1909 2382 1991 2445 valet
2013 2401 2097 2460 ossa,
2127 2391 2163 2446 ut
2186 2384 2235 2447 iu-

627 2507 789 2570 iiammatio
812 2507 842 2566 in
866 2507 902 2567 iis
926 2504 1042 2567 existat.
1087 2502 1165 2564 llinc
1187 2503 1361 2583 saepissime
1390 2510 1547 2565 exostoses
1570 2510 1716 2584 apparent
1737 2505 1768 2566 in
1790 2505 1841 2582 iis,
1869 2523 2012 2587 quorum,
2043 2527 2112 2570 oum
2135 2515 2233 2571 artem

627 2651 711 2694 suam
741 2636 896 2704 exercent,
935 2646 970 2690 os
1001 2626 1124 2709 aliquod
1154 2626 1299 2689 continuo
1326 2627 1445 2707 pressui
1475 2627 1644 2708 expositum
1674 2633 1727 2690 est.
1785 2627 1836 2690 Sic
1870 2629 2151 2713 spangenberg
2177 2631 2232 2710 (Ζ)

626 2774 716 2834 saepe
739 2754 769 2815 in
792 2753 902 2831 bajulis
923 2750 1101 2813 claviculam
1123 2769 1214 2811 uuam
1235 2749 1285 2812 vel
1307 2756 1464 2832 utramque
1481 2750 1681 2827 axostosibus,
1704 2751 1840 2814 lorornm
1852 2771 1960 2834 pressu
1982 2754 2103 2832 effectis,
2128 2758 2231 2819 consi-

626 2885 686 2940 tam
709 2875 894 2949 observavit;
917 2881 1006 2956 atque
1028 2880 1103 2936 teste
1125 2874 1264 2936 Frorie
1271 2893 1291 2954 p
1317 2871 1369 2952 (3)
1392 2875 1542 2936 exostosis
1565 2875 1644 2937 ossis
1667 2876 1818 2939 metatarsi
1840 2875 1930 2958 primi
1948 2877 2027 2939 iniis
2038 2879 2230 2958 potissimum

626 3002 732 3076 existit,
755 3001 806 3083 qui
830 3000 955 3062 multum
978 2967 1123 3060 cursitant
1145 3003 1175 3058 et
1196 2998 1335 3076 graviore
1358 2998 1454 3076 gradu
1477 2997 1584 3076 pedem
1607 2998 1779 3079 imponunt,
1808 3006 1842 3061 ut
1863 3001 1894 3062 in
1916 3001 2086 3066 bominibus
2109 3010 2231 3068 moute·

626 3127 673 3187 nis
696 3141 931 3203 magnarumque
953 3121 1071 3181 urbium
1094 3118 1217 3195 incolis,
1241 3120 1349 3201 quibus
1371 3139 1427 3199 per
1448 3127 1607 3182 straturam
1629 3121 1746 3183 viariam
1769 3123 1875 3186 duram
1897 3126 2079 3188 cuneandum
2102 3137 2164 3205 est,
2196 3148 2231 3190 ac

627 3248 755 3310 maxime
778 3246 805 3307 si
828 3243 918 3306 simul
942 3263 1037 3304 onera
1058 3242 1164 3305 iisdem
1188 3242 1311 3304 serenda
1333 3249 1410 3319 sunt,
1431 3243 1461 3305 in
1485 3243 1627 3308 militibus
1649 3251 1706 3306 etc.

788 3369 906 3430 Causae
928 3368 1062 3428 internae
1084 3367 1192 3446 partim
1215 3372 1285 3429 sunt
1307 3366 1481 3443 dyscrasiae
1504 3369 1686 3444 manifestae,
1708 3369 1817 3448 partim
1838 3371 1957 3451 positae
1979 3377 2049 3434 sunt
2071 3373 2101 3437 iu
2124 3375 2229 3457 siugu-

627 3497 683 3557 lari
706 3492 836 3576 quadam
859 3491 972 3554 ossium
995 3489 1191 3571 proclivitate,
1214 3509 1291 3570 quac
1314 3489 1482 3552 accuratius
1506 3491 1622 3553 deliniri
1644 3493 1754 3574 nequit,
1777 3512 1839 3556 nou
1863 3495 1962 3556 solum
1984 3497 2083 3560 causis
2096 3499 2230 3562 externis

626 3618 784 3682 levissimis
807 3615 861 3678 sed
884 3614 972 3676 etiam
994 3613 1080 3674 nulla
1102 3632 1194 3674 causa
1216 3620 1373 3676 exustoses
1395 3614 1591 3696 procreandi;
1621 3614 1651 3676 irl
1681 3616 1764 3700 quod
1786 3616 1894 3680 accidit
1916 3617 1948 3679 in
1970 3620 2073 3684 crauio
2097 3621 2229 3686 hominis

626 3761 774 3806 annornm
798 3737 841 3802 45
865 3759 883 3800 a
904 3736 1038 3800 Ribelt
1060 3737 1111 3813 (l)
1136 3737 1304 3817 descripto,
1328 3737 1410 3819 quod
1433 3738 1553 3818 pondus
1576 3738 1703 3802 babebat
1724 3740 1869 3804 librarum
1891 3739 1950 3828 813
1977 3743 2009 3804 in
2032 3762 2092 3826 quo
2116 3745 2228 3809 iudea

579 3853 589 3860 „
621 3867 806 3930 duodecimo
831 3862 935 3926 aetatis
959 3880 1039 3924 anno
1063 3868 1221 3924 exustoses
1244 3860 1357 3923 exoriri
1381 3868 1557 3942 coeperaut;
1590 3863 1691 3924 omnia
1720 3863 1825 3944 capitis
1849 3884 1920 3929 ossa
1942 3865 2112 3950 inaequalia
2133 3879 2227 3948 eraut,

627 3988 755 4084 maxime
777 4003 852 4046 vero
874 3983 1013 4056 maxilla;
1036 3984 1104 4046 sola
1125 3985 1249 4045 maxilla
1270 3985 1396 4046 inferior
1417 3985 1537 4064 pondus
1561 3985 1689 4048 habebat
1710 3963 1812 4050 librar.
1836 3986 1872 4064 3,
1899 4009 1936 4052 ac
1958 3991 2020 4052 lere
2043 3997 2106 4054 tota
2128 3995 2228 4058 orbita

627 4107 726 4172 mas'sa
749 4126 838 4171 ossea
860 4106 980 4186 expleta
1002 4111 1075 4166 erat.
1120 4103 1343 4185 Abarnethp
1365 4105 1417 4182 (5)
1441 4111 1567 4186 puerum
1590 4119 1743 4187 memorat,
1766 4113 1854 4191 cujus
1877 4128 1948 4176 ossa
1969 4115 2106 4196 fereper
2128 4125 2225 4182 totrrm

789 4456 832 4528 (l)
851 4463 1043 4516 callenter.
1063 4463 1125 4516 tter.
1145 4461 1170 4516 t,
1191 4475 1226 4513 sc.
1245 4461 1314 4510 merl.
1333 4462 1362 4509 Τ.
1382 4463 1452 4525 xlv,
1472 4473 1518 4514 art.
1537 4465 1628 4520 Exeat.
1647 4480 1672 4528 p.
1691 4465 1754 4518 2¹28.
1779 4467 1860 4517 Initio
1877 4469 1990 4532 fungum
2007 4470 2088 4521 inisse
2106 4474 2224 4533 aedidit,

628 4556 672 4617 qul
692 4555 761 4602 inter
780 4551 891 4598 laminas
910 4550 1034 4598 maxillae
1059 4553 1188 4600 exstiterit
1205 4565 1236 4600 aa
1253 4559 1341 4614 postea
1360 4553 1388 4600 in
1407 4567 1506 4602 osseam
1524 4553 1695 4602 aulratantiam
1713 4555 1818 4608 abierit.

788 4633 831 4705 (2)
851 4637 919 4686 conl.
937 4637 1059 4700 lloyer,
1077 4637 1296 4688 Knocbenlarlrbt.
1315 4639 1346 4690 Τ.
1366 4640 1402 4704 ll,
1422 4658 1447 4704 p.
1466 4639 1510 4702 44,
1529 4650 1617 4690 nolam
1634 4656 1651 4689 a
1669 4641 1911 4706 spangenberg
1927 4641 2065 4708 adiectam.

789 4721 831 4794 (³)
851 4725 1009 4787 Froriep,
1027 4725 1046 4775 1.
1066 4739 1089 4776 c.
1107 4743 1133 4788 p.
1151 4725 1177 4776 5.
1335 4735 1342 4744 ·

788 4809 830 4882 (4)
851 4814 986 4876 lirlrelt,
1004 4813 1086 4865 Mem.
1105 4813 1173 4876 pres.
1192 4814 1207 4862 i
1224 4810 1318 4870 t'acad.
1336 4831 1390 4878 ray.
1410 4815 1435 4869 d.
1454 4831 1490 4870 ac.
1510 4816 1541 4869 Τ.
1561 4817 1597 4872 ll.
1615 4833 1640 4881 p.
1658 4815 1721 4874 8³⁶.
1740 4841 1775 4856 -··
1799 4821 1867 4874 conf.
1885 4819 2032 4886 Macltel,
2051 4823 2119 4886 patb.
2138 4829 2219 4886 Anat,

628 4911 657 4960 Τ.
678 4905 812 4958 11.atab.
833 4903 868 4952 ll.
888 4919 913 4966 p.
934 4901 995 4958 ²8⁰.

789 4987 829 5060 (5)
848 4992 916 5042 conl.
936 4987 1020 5046 Sam.
1040 4991 1184 5054 Coeper,
1201 4991 1268 5045 clais.
1286 4990 1538 5054 Haudwmlerbucla,
1557 4993 1604 5044 ltt.
1624 4993 1647 5051 1.
1665 5003 1711 5044 art.
1729 4995 1872 5052 ilxoatosia.

2370 1003 2372 1048 l
