4784 5894
975 517 1048 592 tat

208 701 467 804 teotonem.
509 727 640 803 senon,
662 728 719 790 mo
733 727 939 792 exsomnem
962 727 1161 792 wesene-
1174 744 1242 794 eum
1265 727 1431 790 suosmet
1451 727 1504 789 nra
1525 727 1611 790 mon
1634 703 1809 804 mesalum,

208 865 267 928 que
290 849 443 930 capsulam
466 850 804 933 teclamqueintemam·
822 851 953 932 partium
975 851 1045 913 calli
1068 851 1298 932 prominentium
1322 851 1465 914 obvestIri
1485 851 1554 928 dixi,
1577 871 1719 913 vasonem
1735 871 1809 913 coo-

207 967 337 1044 tiouatic’
356 972 440 1038 inter*
455 974 535 1036 ossis
557 975 745 1055 superunitam
763 982 798 1037 et
820 985 921 1056 partes
943 974 1053 1037 molles
1076 975 1322 1056 circumjacentes
1352 975 1532 1050 redimitum
1567 975 1657 1058 idque
1679 975 1808 1054 primum

206 1093 271 1154 iteri
293 1095 373 1158 solet
396 1093 617 1178 intorpescunt·
634 1095 709 1160 colli
727 1097 945 1179 prominentem
967 1105 998 1160 et
1020 1099 1098 1162 ossis
1121 1099 1312 1180 superficiem
1335 1099 1513 1162 denudatam
1533 1099 1603 1162 huic
1620 1099 1806 1178 responden·

204 1225 279 1290 tem;
301 1219 412 1300 quibus
432 1221 464 1284 iu
486 1220 564 1284 locis
577 1239 728 1283 *rasorum
751 1223 927 1300 conjunctio
946 1221 1010 1300 jam
1032 1241 1115 1284 nono
1139 1229 1209 1303 post
1231 1224 1392 1284 fractorem
1413 1221 1462 1284 die
1485 1189 1532 1284 sit
1553 1223 1710 1284 manifesta
1724 1241 1806 1284 con-

204 1341 396 1422 spiciebann.
444 1345 480 1406 lu
502 1339 634 1408 tractore
655 1343 840 1408 Xl¹dierutn
863 1346 1001 1426 pluribus
1024 1345 1090 1407 ali's
1112 1355 1235 1427 quoqne
1255 1343 1332 1408 locis
1355 1346 1423 1409 tells
1453 1346 1605 1408 concretio
1636 1345 1805 1426 apparebat,

203 1473 292 1548 atque
313 1463 346 1528 iu
369 1467 509 1531 omnibus
531 1469 810 1538 Imcnnls,·seri0rc
833 1476 970 1550 tempore
992 1489 1010 1530 a
1032 1487 1081 1530 rue
1102 1468 1248 1550 inquisitis
1270 1469 1403 1552 urrdique
1426 1472 1504 1532 lacte
1526 1476 1598 1548 erat,
1618 1469 1723 1552 paucis
1738 1477 1805 1531 lan-

203 1599 266 1654 tum
289 1591 433 1672 exeeptis,
455 1611 519 1654 uno
542 1592 676 1654 arerem
698 1571 1016 1661 loco‘cooeretionem
1039 1611 1101 1654 non
1125 1591 1340 1655 exhibentibus.

362 1713 497 1778 Simulec
515 1715 651 1792 ratione,
671 1733 734 1798 qun
764 1716 839 1792 dixi,
861 1717 941 1778 ossis
964 1714 1139 1796 superficies
1162 1735 1230 1776 enm
1258 1717 1394 1796 pertibus
1423 1717 1566 1780 mollibus
1594 1738 1698 1780 rursus
1729 1737 1802 1782 con-

196 1839 303 1915 juncta
323 1845 378 1915 est,
401 1839 462 1902 alla
482 1832 774 1920 plraemomenorum·
791 1841 885 1902 series
906 1840 1117 1920 consequitur;
1139 1839 1261 1921 quippo,
1284 1841 1315 1901 irl
1338 1841 1420 1923 quod
1444 1848 1532 1902 antee
1554 1841 1745 1930 solummodo
1764 1844 1800 1906 ils

198 1959 397 2034 locisvlaetom
409 1969 480 2040 erat,
502 1959 718 2046 quip'eriosteo
730 1980 792 2026 oon
804 1963 946 2025 denudati
958 1963 1082 2039 luerent,
1105 1964 1228 2024 nuncio
1247 1969 1311 2026 toto
1329 1962 1440 2024 anibitu
1461 1966 1801 2028 lracmraenevaesut-

199 2085 325 2148 suntme
337 2088 644 2168 osseaessellinguntur.
667 2087 798 2165 llinctlt,
816 2093 854 2148 nt
871 2092 972 2166 partes
991 2085 1069 2162 calli,
1091 2105 1168 2168 quse
1182 2093 1270 2148 anteo
1285 2087 1322 2148 eb
1335 2105 1405 2149 osse
1417 2087 1573 2164 distabant,
1596 2109 1664 2150 cum
1677 2109 1714 2150 eo
1727 2109 1801 2152 con-

199 2215 343 2286 crescant,
355 2215 497 2294 totusque
508 2211 636 2272 ambitus
647 2211 717 2273 calli
730 2218 810 2272 arcto
822 2228 890 2272 mm
903 2229 939 2271 eo
953 2201 1118 2271 cohaereat.
1143 2209 1203 2272 Sed
1215 2210 1251 2272 iis
1262 2226 1383 2291 quoque
1393 2207 1479 2286 locis,
1491 2211 1598 2292 quibus
1610 2212 1707 2274 callus
1718 2233 1798 2274 mar-

197 2333 297 2414 ginem
320 2337 468 2398 fracturae
490 2341 734 2398 nont-assecutus
756 2341 813 2410 est,
837 2333 915 2396 ossis
944 2333 1134 2414 superficies
1148 2353 1229 2396 nova
1258 2334 1380 2395 materie
1409 2353 1498 2396 ossea
1526 2333 1703 2413 contegitur.
1748 2337 1798 2399 Sic
1857 2367 1860 2379 ·

196 2458 227 2522 io
249 2459 381 2522 tractore
402 2461 451 2522 XI
474 2459 590 2522 dorum
611 2456 690 2522 latus
713 2451 1025 2538 anterius'lregmeoti
1045 2457 1196 2519 interioris
1218 2457 1405 2519 ternistrato
1423 2475 1512 2520 osseo
1531 2465 1707 2539 coopertum
1724 2459 1806 2536 vidie

195 2582 227 2645 in
255 2585 387 2656 fracture
414 2581 506 2646 XVII
535 2583 651 2644 dierum
673 2583 733 2644 lroc
755 2592 885 2648 ‘stratum
900 2584 1059 2660 ‘majorem
1088 2581 1230 2642 arrtbitum
1257 2579 1439 2660 occupabam
1462 2581 1494 2642 iu
1523 2583 1654 2644 fractura
1682 2583 1798 2647 dictum

194 2705 305 2768 XXIII
334 2707 386 2787 (T.
409 2707 446 2768 ll.
469 2707 490 2766 l·
514 2704 784 2788 aptugnensem
806 2704 930 2766 interius
953 2721 1049 2783 usque
1072 2703 1110 2763 ml
1132 2703 1295 2780 marginem
1318 2704 1466 2764 tracturae
1488 2724 1569 2766 nova
1591 2706 1684 2769 subet.
1709 2727 1797 2770 ossea

194 2837 258 2892 toto
282 2829 394 2892 ambitu
416 2835 593 2909 coopertum
617 2835 688 2904 erat,
710 2827 849 2908 enepotius
872 2827 941 2888 solo
972 2826 1067 2886 latero
1094 2824 1261 2904 posteriorc
1291 2826 1455 2898 exterioro;
1478 2826 1510 2886 in
1538 2829 1688 2890 anteriore
1716 2831 1795 2892 enim

192 2971 254 3014 non
277 2951 383 3014 solum»
399 2972 462 3030 non
484 2958 628 3016 rmutatum
651 2951 825 3032 apparebat,
848 2949 963 3012 sedne
986 2967 1053 3011 cnm
1077 2948 1201 3028 capsula
1216 2948 1336 3030 quidem
1348 2949 1535 3010 cohaerebat.
1569 2951 1655 3011 lleoc
1673 2954 1796 3016 seric-

192 3095 270 3139 rcm
292 3076 384 3138 oalli
405 3076 677 3138 formationem
699 3073 1040 3148 iuomnibuslraeturIs,
1063 3073 1139 3133 illud
1160 3079 1276 3154 tempos
1288 3073 1490 3151 transgressis,
1513 3073 1680 3151 observavi,
1702 3075 1801 3142 modo'

191 3201 376 3277 uberiorem,
409 3199 501 3264 modo
531 3199 709 3281 parciorem.
755 3198 858 3260 Multo
879 3198 1006 3260 lentiore
1029 3196 1125 3276 gradu
1158 3215 1195 3258 ea
1223 3196 1365 3277 progredi
1399 3195 1491 3272 solet,
1526 3217 1615 3278 quam
1648 3200 1794 3280 prioris

191 3324 286 3386 calli
309 3325 505 3412 formatio;
532 3323 564 3384 id
586 3323 669 3406 quod
690 3330 754 3385 tum
774 3324 807 3384 in
830 3319 1061 3384 inflammatione
1080 3323 1207 3400 jamjam
1229 3325 1402 3400 temperata,
1425 3325 1488 3381 tum
1511 3320 1542 3382 in
1564 3320 1630 3402 ipsa
1651 3341 1793 3387 vesorum

190 3448 403 3528 conjunctione
421 3448 554 3528 positum
576 3453 629 3524 est,
652 3465 729 3528 quae
751 3463 903 3530 uunquam
927 3453 987 3507 tom
1009 3445 1143 3526 perlecta
1167 3449 1219 3520 cst,
1241 3464 1331 3526 quam
1354 3443 1386 3505 in
1409 3463 1478 3506 osse
1501 3463 1588 3508 sano.

347 3569 557 3636 Formationcs
581 3589 688 3634 osseae
711 3578 806 3632 aetate
835 3571 952 3649 priores
976 3577 1065 3652 atque
1093 3569 1223 3630 seriores
1252 3569 1363 3630 sensim
1379 3561 1416 3628 'In
1439 3586 1529 3628 ornem
1560 3569 1791 3653 continuamque

188 3715 326 3774 massam,
348 3697 513 3776 fragmenta
535 3713 631 3776 nsque
654 3694 694 3756 ad
716 3693 879 3773 marginem
901 3662 1050 3754 tracturae
1073 3667 1292 3766 obvol'ventem,
1315 3695 1434 3765 cocum,
1458 3697 1586 3751 attamen
1598 3693 1697 3770 prImo
1717 3700 1790 3756 tem·

186 3839 263 3902 pore
285 3819 385 3882 udlmc
405 3818 443 3880 ab
465 3818 593 3880 ioriccm
622 3815 760 3896 dignosci
782 3821 925 3896 possunt,
948 3821 982 3874 ut
1004 3815 1035 3873 ln
1058 3816 1189 3874 fracture
1211 3813 1289 3874 ossis
1312 3812 1397 3872 vituli
1420 3813 1470 3893 (n.
1486 3813 1524 3872 ll,
1547 3811 1644 3897 no),
1669 3815 1706 3875 de
1729 3835 1789 3898 qua

186 3963 279 4026 supra
299 3943 480 4034 memorerm
504 3961 594 4024 quam
617 3937 787 4020 dlligentios
811 3939 979 4020 adspiciens
1001 3937 1032 3998 io
1055 3936 1148 4000 subst
1178 3955 1268 3999 osseo
1289 3952 1395 3996 recens
1418 3937 1554 3997 serenata
1568 3936 1637 3998 inde
1655 3939 1787 4020 aprima

186 4067 301 4150 origine
322 4087 379 4150 per
400 4067 524 4149 aliquod
546 4065 678 4147 spatium
700 4061 789 4128 telam
813 4063 978 4146 aequaliter
1000 4061 1190 4142 dispositam,
1213 4077 1310 4140 prope
1339 4060 1506 4138 marginem·
1534 4079 1608 4122 vero
1638 4062 1787 4126 tracturae

185 4191 275 4256 aliem
296 4194 364 4272 ejus
386 4191 621 4274 dispositionem,
644 4209 704 4272 qua
726 4188 871 4251 seriorem
893 4186 1103 4248 formationem
1125 4184 1251 4246 indicari
1274 4183 1434 4244 verisimile
1458 4189 1510 4259 cst,
1534 4190 1669 4248 exortam
1690 4187 1785 4252 vides.

182 4318 283 4402 Atque
306 4315 445 4392 omnino,
480 4315 551 4378 lieet
572 4323 718 4398 utraeque
740 4311 934 4375 formationes
957 4311 1034 4372 inter
1056 4327 1089 4372 se
1112 4313 1273 4370 concretae
1294 4306 1368 4380 sint,
1390 4323 1454 4366 noo
1476 4305 1571 4367 altere
1599 4307 1631 4368 iu
1660 4309 1785 4374 alteram

127 4487 132 4506 .
181 4442 294 4504 sensim
316 4439 431 4514 transit
454 4439 508 4500 sed
530 4439 626 4515 locem,
649 4457 712 4522 quo
734 4437 879 4512 coierunt,
902 4433 1136 4494 luculentissime
1163 4428 1356 4510 dignoscitur,
1380 4447 1478 4511 eoque
1500 4429 1608 4511 magis,
1631 4433 1713 4514 quod
1735 4453 1783 4496 so-

181 4565 245 4629 rior
266 4561 406 4626 formatio
429 4561 554 4623 mellilic
577 4581 698 4644 quoque
721 4571 752 4625 et
772 4560 896 4623 laedente
917 4557 1046 4640 quedam
1067 4573 1141 4636 prae
1163 4551 1281 4636 reliquo
1304 4551 1398 4630 callo,
1420 4573 1510 4636 quem
1533 4561 1629 4616 aetate
1649 4556 1789 4635 priorem·

181 4707 249 4752 esse
269 4685 463 4761 arbitramur,
486 4685 558 4748 satis
581 4685 669 4746 firmo
692 4693 781 4766 etque
803 4683 903 4748 solido
926 4679 1093 4760 insignitur.
1140 4677 1281 4739 Omnium
1304 4683 1403 4740 autem
1426 4677 1565 4739 facillime
1590 4679 1647 4738 hee
1668 4679 1780 4742 forma-

179 4814 277 4874 tiones
299 4809 414 4874 seriore
437 4809 526 4872 etiem
548 4815 684 4887 tempore
707 4808 925 4888 dignoscuntur
946 4806 977 4867 io
1000 4804 1062 4866 illis
1084 4803 1212 4880 ossibus,
1234 4821 1312 4884 quae
1335 4799 1506 4881 fragmentis
1528 4799 1624 4880 megia
1643 4802 1779 4866 minusve

177 4937 234 5000 sibi
256 4933 493 5017 superimpositis
516 4937 744 5006 consenescunt,
766 4931 852 4992 utin
875 4932 1013 5007 fractura,
1036 4947 1126 5012 quam
1148 4928 1182 4990 Τ.
1194 4927 1218 4990 1.
1230 4927 1252 4988 i.
1267 4925 1316 4988 10.
1340 4909 1548 4987 delineandam
1569 4924 1680 4988 curavi.
1725 4925 1778 5004 Eo,

1362 5045 1404 5110 18
