4856 5896
1209 419 1273 488 ⁶*
1383 493 1439 577 ds

609 715 679 777 huic
701 713 878 789 seutentiam
901 711 1012 796 quippe
1034 707 1128 792 magis
1150 717 1197 773 est
1218 717 1461 788 cousentaneum,
1482 728 1556 774 vasa
1576 709 1657 778 litter
1676 709 1815 774 lamellas
1837 709 1971 790 diffundi,
1994 729 2084 794 qnam
2106 710 2217 772 itaeo-

610 855 678 902 rum
701 839 861 902 decursum
884 836 980 916 dirigi,
1000 843 1037 898 ut
1056 832 1193 896 lamellas
1215 835 1381 916 putarunt,
1408 834 1441 896 id
1462 833 1546 918 quod
1567 834 1633 897 ilasi
1656 841 1821 917 oporteret,
1852 835 1878 898 sl
1908 852 2011 896 veram
2041 835 2216 898 Deutsela

612 962 788 1024 senteutiam
811 965 994 1044 sequeretur.
1040 957 1125 1035 Mihi,
1148 957 1282 1038 migades
1305 957 1443 1020 lamellas
1464 957 1590 1034 ratione,
1613 977 1777 1042 quasupra
1792 958 1862 1036 dixi,
1884 959 2037 1039 sejunctas
2047 959 2217 1042 inquirenti

611 1086 760 1149 foramina
781 1085 897 1165 exigua
918 1081 1049 1144 rotumda
1070 1089 1224 1164 apparent,
1246 1081 1450 1162 amplitudinis
1471 1081 1568 1146 multo
1589 1081 1715 1144 minoris
1744 1099 1834 1165 qnam
1862 1101 1924 1166 qus
1953 1090 2025 1146 sunt
2046 1081 2217 1160 canaliculi,

613 1227 649 1271 ac
670 1209 742 1272 satis
766 1208 803 1270 ab
825 1207 953 1270 invicem
975 1211 1128 1287 separata,
1157 1224 1177 1266 a
1199 1205 1308 1288 quibus
1330 1203 1429 1268 lineae
1450 1203 1685 1287 proficiscuntur
1712 1223 1833 1268 ramose
1855 1197 2065 1282 dimanantes,
2095 1205 2216 1290 reliquo

611 1333 710 1415 spatio
732 1331 945 1414 pellucidiores
968 1335 1057 1412 atque
1080 1328 1239 1405 clariores,
1267 1337 1301 1391 nt
1329 1327 1417 1392 iocos
1439 1327 1629 1392 lamellarum
1653 1329 1809 1393 tenuiores
1832 1329 1979 1405 indicente
2008 1349 2086 1414 quae
2114 1339 2218 1394 uuum

613 1457 653 1519 ad
674 1463 738 1520 reia
761 1453 904 1537 capillare
933 1451 1011 1516 telae
1040 1469 1148 1516 osseae
1177 1452 1354 1515 referendae
1381 1453 1455 1529 siut,
1484 1460 1665 1536 quamquam
1692 1453 1758 1514 vesi
1785 1452 1906 1516 ridetur
1931 1453 2112 1520 suuillimum
2140 1473 2217 1533 csse,

613 1580 750 1664 eundum
772 1597 835 1642 uon
857 1578 958 1642 audeo
980 1575 1157 1658 dijuduuue.

747 1703 911 1784 ·Systema
937 1700 1051 1764 ossium
1080 1719 1227 1763 venosum
1261 1697 1434 1762 novissimis
1461 1697 1582 1766 demum
1612 1699 1798 1780 temporibus
1827 1701 1997 1766 munatius
2025 1700 2215 1784 disquisitum

612 1835 667 1890 est.
712 1826 832 1889 Arteria
852 1841 962 1906 magna
983 1825 1105 1887 nutritis
1128 1824 1243 1887 ossium
1264 1823 1426 1903 longorum
1447 1839 1556 1886 uenam
1578 1823 1717 1886 sonitem
1739 1822 1841 1901 habu,
1872 1830 1961 1907 atque
1983 1825 2137 1908 lucusque
2157 1843 2216 1908 per

615 1949 785 2030 analogiam
807 1948 940 2031 reliquas
964 1948 1052 2010 mam
1076 1949 1200 2010 arterias
1221 1947 1356 2010 minores
1375 1947 1589 2028 veulsexigu'u
1611 1947 1716 2028 stipni
1737 1965 1843 2012 omues
1866 1947 2096 2012 mbiuabmtur.
2144 1949 2216 2012 lam

612 2074 910 2138 Gruetzmacuer
932 2071 989 2158 (1)
1023 2091 1132 2135 seuam
1153 2078 1201 2135 sat
1221 2089 1361 2151 maguam
1384 2089 1401 2132 e
1424 2070 1527 2151 «tipice
1547 2070 1627 2133 ¹ossis
1649 2070 1786 2152 accipitis
1807 2089 1878 2134 eum
1898 2072 1930 2133 iu
1952 2071 2069 2150 locum,
2090 2091 2152 2156 quo
2175 2073 2217 2136 si-

610 2216 668 2262 nus
696 2197 843 2279 sagittulis
870 2217 940 2258 cum
967 2196 1143 2258 lateralibus
1173 2194 1380 2274 conjungitur,
1411 2192 1569 2256 deductam
1597 2211 1748 2274 cognose
1776 2213 1810 2257 se
1837 2196 1942 2273 retest,
1975 2203 2065 2280 atquc
2093 2197 2215 2262 Arue-

610 2339 750 2384 manno
773 2318 826 2402 (Ψ)
849 2319 887 2381 de
908 2317 1137 2398 regeneratione
1159 2315 1275 2378 cerebri
1297 2316 1501 2397 experimenta
1530 2317 1650 2380 Menti
1672 2335 1772 2399 saepe,
1799 2335 1836 2381 ac
1856 2319 1986 2384 mutime
2008 2321 2086 2384 inter
2113 2327 2214 2403 trepa-

610 2444 764 2508 nationem
786 2442 931 2523 accipitis,
953 2462 1023 2506 cum
1044 2439 1271 2520 hoemomhagis
1292 2439 1344 2502 vix
1373 2439 1506 2502 sistenda
1529 2439 1761 2503 conflictandum
1782 2449 1855 2506 erat
1906 2443 2025 2508 Primus
2055 2446 2213 2527 Dupaty-

610 2575 696 2630 tren
712 2563 778 2652 (3),
800 2585 894 2649 quum
915 2564 1012 2628 simile
1035 2563 1107 2646 quid
1128 2564 1207 2626 inter
1227 2562 1464 2644 trepauatiouem
1486 2564 1518 2626 in
1540 2581 1615 2626 cene
1636 2564 1801 2628 institutam
1821 2567 1880 2648 ipsi
1902 2567 2074 2646 accidisset,
2102 2568 2140 2631 de
2162 2589 2212 2632 ac-

610 2689 753 2752 curatiori
782 2673 927 2752 venarum
962 2688 1076 2751 ossium
1110 2687 1302 2770 inquisitione
1335 2687 1470 2768 cogitare
1503 2688 1618 2770 coeptu
1652 2695 1723 2770 post
1755 2689 1836 2755 huuc
1868 2691 2078 2758 chaussier
2101 2692 2152 2775 (t)
2182 2701 2213 2756 et

582 2791 585 2800 ’
608 2813 766 2894 fleury,
789 2833 825 2876 ac
846 2813 1023 2894 praeprimis
1045 2813 1231 2875 Bresclaet
1253 2809 1310 2896 (5)
1333 2809 1371 2874 da
1393 2812 1450 2873 hac
1472 2819 1558 2893 pasta
1579 2813 1747 2876 auatomiae
1765 2822 1947 2879 meruerunt
1992 2817 2213 2900 warum*

607 2937 754 3001 sticnibus
777 2936 809 2998 in
832 2937 952 3000 osdbns
975 2935 1077 3010 cranii,
1100 2933 1202 2997 ablato
1225 2935 1337 2996 confice
1360 2935 1438 2997 duro
1462 2941 1596 3013 extento,
1619 2935 1787 3017 susgadares
1810 2938 1931 3020 quidam
1952 2941 2064 3022 reperti
2081 2949 2211 3004 suntea—

607 3061 692 3122 nales
715 3061 892 3138 estmagni,
914 3059 1027 3120 lamina
1049 3075 1138 3120 osaea
1160 3058 1244 3119 teum
1267 3057 1448 3119 corniormati
1470 3065 1501 3120 et
1522 3058 1695 3122 membrana
1715 3062 1877 3124 tenerrima
1894 3059 2034 3142 clausisti,
2056 3083 2211 3148 qusepas-

607 3183 664 3244 sim
686 3181 799 3244 elevari
821 3187 921 3262 potest
943 3181 1080 3242 acumine
1101 3180 1225 3256 oulmlli,
1248 3187 1337 3263 atque
1360 3181 1525 3244 seeundum
1546 3183 1737 3246 Brescltet
1756 3185 1789 3248 in
1811 3203 1990 3252 umaerosas
2010 3189 2211 3252 innuentia«

607 3305 702 3388 plicas
725 3305 922 3368 semilumares
944 3323 968 3366 s.
990 3302 1171 3366 valvulares.
1218 3305 1324 3367 linitis
1347 3305 1543 3370 foraminibus
1565 3307 1682 3387 exigatis
1703 3308 1825 3371 canales
1846 3311 1953 3373 mucel
1974 3331 2045 3374 cum
2066 3313 2211 3376 cellisdi·

606 3429 694 3512 plots
719 3429 961 3492 conmunione-m
984 3428 1102 3503 labeni,
1125 3435 1256 3489 oetmum
1279 3429 1395 3490 radone
1417 3429 1641 3492 ramiticationis
1663 3439 1694 3493 et
1713 3432 1861 3498 decursus
1890 3451 2036 3517 perquam
2063 3436 2212 3514 ducunt

606 3559 695 3635 atque
716 3552 766 3616 vel
789 3551 974 3616 exudusecus
996 3551 1028 3613 iu
1049 3567 1143 3614 anuas
1165 3551 1332 3632 prosimus,
1353 3551 1404 3614 vel
1425 3552 1504 3614 inus
1525 3551 1557 3616 in
1579 3573 1672 3617 venas
1695 3555 1745 3616 vei
1767 3556 1852 3620 sinus
1872 3572 2005 3622 mesos
2027 3559 2122 3624 durae
2143 3579 2209 3622 ma

607 3677 659 3740 tris
682 3685 802 3740 exeumt.
847 3677 1014 3740 Deutsclt
1037 3674 1089 3756 (6)
1111 3676 1142 3737 in
1166 3675 1271 3738 crarrio
1293 3676 1407 3738 siccato
1429 3675 1486 3738 sub
1507 3676 1612 3740 iubere
1634 3678 1771 3759 parietali
1793 3699 1901 3744 cavum
1922 3681 2035 3744 moenis
2051 3701 2209 3766 compres-

605 3822 679 3878 suru,
702 3783 775 3865 satis
797 3819 947 3882 niomium,
971 3815 989 3862 a
1012 3819 1074 3883 pro
1094 3799 1215 3864 canales
1238 3800 1506 3881 proiiciseebmttur
1527 3807 1666 3884 qustum,
1690 3802 1728 3864 ad
1751 3803 1880 3884 angulos
1902 3813 2033 3888 quatuor
2052 3807 2132 3870 ossis
2154 3823 2209 3888 p..

605 3925 724 3986 rietalis.
742 3923 950 3988 decurrentes:
971 3939 1071 4004 neque
1094 3943 1169 3985 vero
1191 3933 1362 4004 aperturam
1384 3925 1492 3986 liorem
1515 3924 1664 3988 canalium
1683 3925 1911 4008 deprehendere
1927 3929 2041 4010 potuit3
2062 3930 2208 4014 idemque,

606 4059 698 4128 qurum
720 4045 828 4107 lacrum
852 4058 958 4106 recens
981 4044 1114 4106 uanum
1136 4047 1307 4128 inquireret,
1329 4065 1423 4110 venas
1444 4047 1601 4112 mnallbus
1622 4051 1718 4114 uiuite
1734 4051 1867 4116 trdnores
1879 4053 2087 4138 reliquumque
2097 4055 2209 4120 lorum

765 4219 807 4292 (l)
826 4223 1104 4274 Graccismaclasr
1122 4225 1141 4273 l.
1162 4239 1185 4274 c.
1204 4241 1230 4287 p.
1249 4223 1312 4279 318.

765 4310 806 4378 (⁸1)
825 4315 1035 4376 lunenses,
1055 4313 1186 4362 teutsche
1205 4315 1274 4362 ttlser
1292 4315 1318 4367 u.
1337 4315 1539 4376 llegrusratlau.
1558 4313 1608 4368 Μ.
1627 4317 1664 4368 ll.
1683 4331 1742 4382 m.
1761 4317 1788 4382 2,
1806 4319 1850 4384 te,
1869 4318 1914 4372 aa.
2030 4329 2034 4338 '

762 4399 803 4468 (tt)
822 4401 1042 4465 ltupuytssa,
1060 4403 1232 4466 propositione
1250 4419 1296 4454 ssr
1313 4404 1441 4466 qusalqpsss
1458 4407 1544 4468 paiste
1560 4407 1597 4456 ds
1614 4406 1799 4476 physiologieq
1817 4424 1861 4462 aa.
1880 4407 1945 4464 ΧΙΙ.
1965 4409 2048 4460 Paris.

762 4483 803 4556 (⁴)
823 4489 1023 4552 chaussier,
1043 4493 1187 4556 exposition
1206 4494 1346 4541 summalae
1365 4493 1398 4541 de
1416 4493 1442 4541 la
1461 4501 1592 4544 structure
1611 4501 1636 4542 et
1655 4495 1700 4542 des
1719 4495 1869 4548 differentes
1887 4500 1984 4562 parties
2000 4496 2207 4566 del'euee'plsale

603 4597 638 4628 ou
658 4593 779 4630 serseau.
817 4577 888 4625 Paris
908 4575 987 4629 1807.

760 4663 800 4730 (5)
821 4665 999 4728 tireselsst,
1017 4678 1071 4714 usn
1089 4665 1228 4720 sancceio
1246 4670 1341 4720 'l'ireils
1359 4669 1407 4719 aies
1425 4671 1627 4738 Vens-ystem
1643 4671 1689 4720 lss
1707 4683 1770 4726 uos.
1788 4674 1932 4739 aet.=phys.
1951 4675 2022 4726 ned.
2040 4678 2120 4730 dud.
2138 4693 2198 4728 cas·

599 4771 649 4810 sar.
668 4755 794 4819 Lecpoid.
813 4763 865 4808 nat.
885 4769 941 4806 esur.
960 4753 991 4805 Τ.
1010 4753 1090 4807 xltt.
1113 4777 1149 4793 -
1166 4755 1331 4808 liecharslsss
1350 4759 1530 4821 anatomiquss
1549 4771 1595 4808 sus
1611 4757 1639 4808 le
1657 4759 1768 4824 systema
1787 4764 1910 4820 reiueux.
1933 4787 1965 4800 ··
1989 4763 2066 4816 &aaa
2092 4782 2139 4816 sue
2164 4767 2206 4818 irs

601 4847 690 4896 s'einea
709 4845 745 4894 du
763 4843 858 4906 raclsla,
878 4843 948 4892 Paris
966 4841 1046 4896 tutu.

758 4929 799 5000 (a)
819 4931 970 4982 neutsct
988 4932 1009 4984 1.
1028 4948 1053 4984 e.
1071 4947 1097 4996 p.
1115 4928 1160 4984 2⁵.
