4784 5894
443 2046 489 2118 B.
545 2043 620 2118 DE
651 2044 1095 2120 INFLAMMA'HONE
1125 2044 1511 2122 SUPPURATWA.

883 2393 1015 2458 CAPUT
1043 2397 1065 2458 l.

279 2625 345 2688 DE
368 2571 869 2687 'INFLAMMANONE
903 2623 1294 2688 SUPPURATIVA
1331 2628 1678 2694 GENERATIM.

177 2809 339 2959 Quaevis
362 2867 569 2944 inflammatio,
592 2885 669 2950 qnae
691 2885 790 2948 neque
812 2863 985 2938 resolvitur,
1015 2883 1112 2948 neque
1135 2866 1165 2928 iu
1189 2867 1409 2932 indurationem
1433 2871 1501 2946 ubit,
1525 2907 1565 2919 -
1591 2877 1648 2935 hoc
1672 2887 1733 2950 est,
1757 2877 1781 2936 si

175 2992 329 3074 sauguinis
352 2992 507 3054 circulatio
531 2992 561 3052 in
583 2990 664 3052 vasis
686 2987 878 3070 capilleribus
901 3007 962 3058 non
985 2988 1168 3068 restituitur,
1203 3011 1301 3072 neque
1330 2994 1469 3056 materies
1500 2995 1529 3055 in
1555 2996 1643 3058 tetam
1668 2997 1783 3058 initam-

176 3123 283 3179 naum
319 3115 482 3178 exsudetee
511 3119 562 3176 aut
591 3112 786 3176 resorbentur
814 3117 866 3172 eut
894 3111 1114 3190 organisnutur,
1137 3145 1180 3158 -
1211 3114 1242 3175 in
1274 3115 1523 3196 suppurationem
1557 3119 1628 3183 exit.
1685 3121 1783 3200 ttujus

176 3239 249 3300 haee
271 3246 341 3300 sunt
361 3237 524 3318 generatim
546 3235 684 3318 proprie:
712 3233 851 3296 »fluidi
880 3235 1080 3312 cujusdem
1110 3236 1349 3326 singularis,
1383 3241 1483 3320 quod
1516 3252 1783 3322 posceretur,

182 3361 391 3435 »secretim
414 3369 530 3442 utque
552 3358 738 3422 formatio
760 3373 881 3419 novae
910 3356 1157 3420 substantiae
1186 3361 1413 3440 organicae,
1443 3363 1684 3444 pupillarum
1707 3366 1783 3426 exi-

183 3503 371 3564 »gonrum,
408 3483 594 3557 mollium,
632 3479 848 3554 rubrarum,
884 3479 990 3542 vasis
1033 3479 1322 3561 abundantium,
1357 3504 1449 3568 quas
1487 3487 1782 3566 grnuuletiones

182 3605 356 3683 avocant,
388 3606 558 3687 speciem
581 3602 819 3666 referentis«
1360 3683 1363 3692 ‚

334 3730 407 3790 Non
429 3729 545 3790 unimus
568 3733 621 3802 est,
642 3745 740 3807 neque
763 3731 864 3804 aptum
887 3724 956 3786 huie
977 3724 1057 3800 loco,
1080 3725 1198 3804 plenem
1222 3727 1330 3803 offerre
1353 3731 1578 3808 suppurationis
1602 3731 1781 3812 descriptio-

175 3871 259 3924 ncm3
281 3851 389 3914 sedin
411 3851 492 3914 hisce
514 3848 706 3912 solummodo
730 3846 969 3928 quaestionibus,
1007 3846 1090 3925 prius
1113 3867 1201 3927 quem
1225 3849 1262 3908 de
1286 3851 1502 3928 suppuratione
1526 3853 1638 3914 ossium
1662 3854 1781 3934 specio-

176 3975 228 4038 tim
251 3995 382 4056 egemus,
404 3971 598 4055 expediendis
621 3970 772 4034 hocloco
794 3967 996 4032 versabimur:
1019 3968 1091 4050 quid
1113 3969 1150 4032 sit
1173 3971 1251 4048 pus?
1274 3970 1603 4052 quidgrnnutationes?
1625 3997 1702 4058 quoe
1727 3979 1781 4039 tro-

172 4117 243 4172 ‚rum
265 4099 343 4162 inter
372 4117 406 4162 se
428 4097 505 4162 ratio
534 4095 592 4160 sit?
625 4093 780 4178 quomodo
810 4091 934 4155 omuino
962 4091 1155 4154 irrtiemmntio
1185 4093 1380 4176 suppurativn
1409 4095 1447 4156 ed
1479 4097 1682 4162 exsudant-am
1714 4119 1781 4162 suste

175 4221 300 4285 hebent?

657 4432 711 4492 De
738 4445 832 4510 pure
862 4428 1024 4509 ejusque
1052 4427 1301 4491 formatione.

334 4593 395 4654 Pus
417 4589 530 4652 bonum
553 4595 599 4652 est
620 4589 728 4652 humor
749 4586 952 4668 unguinosus,
986 4559 1115 4666 opscus,
1151 4585 1335 4666 aequabilis,
1358 4586 1472 4650 coloris
1497 4609 1534 4652 ex
1558 4591 1782 4652 nitido-flove-

174 4714 295 4794 sceutis,
318 4713 466 4775 interdum
489 4710 672 4792 aliquantum
693 4711 878 4787 virescentis,
901 4708 1004 4771 odoris
1027 4727 1143 4788 expers,
1166 4727 1278 4790 sapore
1301 4709 1400 4786 dulci,
1424 4711 1487 4773 tere
1509 4713 1618 4787 lacteo,
1641 4725 1783 4776 exrema-

176 4859 235 4922 que
274 4837 376 4920 specie
408 4835 536 4897 menime
569 4833 637 4897 flori
671 4833 757 4896 lectis
787 4831 1016 4913 comparandus.
1074 4812 1244 4894 Perfectum
1278 4833 1309 4894 in
1342 4833 1394 4895 tta
1422 4833 1523 4895 diduci
1565 4851 1629 4896 non
1674 4844 1782 4916 potest.

176 4965 288 5040 Partes,
310 4961 419 5044 quibus
441 4958 638 5032 consumitur,
660 4955 760 5038 quiete
781 4955 859 5016 inter
879 4973 913 5018 se
935 4971 998 5017 non
1020 4961 1226 5018 secernuntur.
1279 4956 1434 5034 Continet,
1455 4955 1500 5018 uti
1522 4957 1652 5038 primum
1675 4960 1783 5020 ttun·

1361 5075 1405 5139 22
