4784 5894
1351 539 1406 616 8⁰

571 753 797 835 earundemque
819 751 1023 834 resorptioue;
1047 769 1229 832 quamquam
1250 748 1366 813 elremia
1387 750 1465 816 hane
1487 749 1662 832 opinionem
1674 749 1810 814 nondum
1821 749 2039 833 comprobavit.
2075 753 2182 816 nunu

571 885 722 940 structura
752 896 872 962 quoqne
903 880 1116 951 commutetur,
1151 879 1181 935 et
1211 872 1309 956 qualis
1335 873 1375 935 sit
1402 873 1476 936 baec
1499 875 1708 952 commutatio,
1745 873 1968 956 explorandum
1997 873 2096 940 adbuc
2125 883 2180 940 est.

534 1050 537 1058 .
569 1001 659 1064 Bell
682 1000 739 1086 (l)
762 1001 793 1062 in
816 999 891 1076 viro,
914 997 971 1076 cui,
994 999 1066 1060 dum
1088 997 1237 1078 pulpitum
1259 996 1401 1060 cochleae
1423 1017 1483 1080 ope
1505 1017 1625 1062 sursum
1647 997 1825 1082 torquebat,
1847 999 1980 1060 fractma
2000 1000 2181 1062 bumeriex-

572 1132 639 1188 orta
662 1131 732 1200 crat,
755 1125 814 1185 boc
837 1142 872 1184 os
896 1121 1059 1184 innumeris
1084 1120 1271 1185 loramiuulis
1295 1120 1459 1184 cribratum
1493 1128 1522 1184 et
1549 1121 1739 1185 reticulatum
1769 1122 1892 1186 invenit.
1935 1123 2104 1186 Bouvier
2125 1121 2180 1205 (2)

568 1249 696 1310 lcuriuae
720 1247 849 1324 cuidam,
873 1267 950 1328 quae
973 1245 1174 1308 carcinomate
1197 1265 1343 1308 mammae
1364 1244 1518 1322 laborarit,
1540 1265 1641 1328 quum,
1664 1227 1816 1328 amputata
1838 1265 1983 1322 mumma,
2013 1245 2177 1310 iniectum

568 1393 601 1435 se
624 1379 782 1452 receptura
805 1376 891 1448 esset,
914 1371 1075 1432 fracturam
1098 1369 1170 1432 colli
1182 1369 1304 1432 femoris
1316 1370 1381 1432 siue
1394 1359 1457 1430 ulla
1471 1369 1530 1435 alia
1542 1389 1633 1434 causa
1646 1377 1747 1432 narrat
1757 1369 1895 1435 obortam
1909 1389 1984 1433 esse.
2007 1371 2082 1434 Post
2094 1391 2175 1434 ruor-

567 1504 636 1573 tem,
658 1515 734 1577 quae
757 1515 830 1558 mox
843 1502 908 1557 erat
925 1493 1091 1578 insequuta,
1105 1493 1218 1558 collum
1231 1493 1362 1572 lenioris,
1386 1493 1572 1556 extrinsecus
1595 1494 1789 1570 immutatum,
1812 1494 1909 1556 tenuis
1932 1493 2027 1556 inem
2051 1493 2181 1574 putamis

568 1619 647 1684 ossei
670 1619 842 1700 apparebat,
867 1619 949 1700 quod
972 1616 1118 1700 singulari
1141 1617 1270 1698 quadam
1292 1617 1434 1680 materiae
1457 1617 1566 1694 densa,
1590 1617 1768 1698 ndipcceree
1791 1617 1898 1700 simili,
1926 1616 2075 1698 repletum
2096 1625 2180 1694 erat;

568 1745 673 1806 eadem
695 1742 846 1806 medullae
869 1742 1004 1805 omnium
1033 1741 1148 1806 ossium
1177 1741 1390 1804 tubulosorum
1419 1749 1484 1804 erat
1512 1740 1661 1818 conditio,
1691 1759 1821 1824 ossaque
1850 1740 1953 1802 omnia
1983 1741 2046 1804 sine
2067 1760 2179 1822 magna

568 1868 677 1928 virium
699 1866 891 1928 contentione
914 1866 1011 1945 frangi
1038 1871 1187 1946 poterant.
1242 1865 1316 1928 Veri
1345 1864 1435 1944 igitur
1464 1865 1545 1926 hand
1573 1872 1619 1928 cst
1642 1864 1793 1941 dissimile,
1824 1864 1864 1926 ad
1884 1864 2104 1946 procreandam
2125 1883 2179 1928 os·

557 1991 647 2052 'sium
670 1990 867 2070 fragilitatem,
889 1995 1009 2068 praeter
1031 1989 1141 2051 malam
1162 1989 1310 2052 rationem
1331 1988 1409 2050 inter
1437 1995 1539 2070 partes
1567 1996 1680 2052 terreas
1712 1995 1742 2052 et
1764 1988 1908 2052 annales
1931 1989 2180 2066 intercedentem,

572 2113 767 2197 utplurimum
790 2111 962 2192 atrophiam
984 2131 1106 2194 quoque
1128 2111 1177 2174 vel
1201 2112 1373 2174 erosiouem
1396 2112 1547 2194 quandam
1569 2114 1717 2174 conferre.

971 2326 1005 2384 B·
1051 2322 1182 2386 Novae
1213 2323 1321 2384 telae
1350 2324 1504 2386 iuosse
1533 2325 1771 2388 exorientes.
1858 2351 1863 2356 ·

727 2482 834 2544 Novae
858 2481 949 2558 telnc,
984 2501 1062 2564 quae
1084 2489 1205 2564 praeter
1227 2501 1365 2544 normam
1387 2482 1573 2564 incorpore
1597 2483 1741 2560 existunt,
1777 2492 1829 2546 cut
1851 2492 1923 2546 sunt
1948 2483 2036 2561 tales,
2071 2485 2176 2567 quales

569 2607 635 2668 aliis
676 2605 813 2686 corporis
856 2605 991 2687 pertibus
1037 2605 1178 2688 propriae
1213 2613 1297 2681 sunt,
1343 2613 1393 2668 nul
1427 2625 1554 2686 prorsus
1595 2605 1711 2668 alienae
1744 2627 1764 2666 u
1797 2627 1927 2687 corpore
1963 2627 2056 2688 snuo,
2098 2629 2176 2692 quaa

568 2738 600 2792 ut
646 2729 810 2810 plurimum
855 2747 873 2790 a
918 2729 1072 2808 dyscrnsia
1118 2729 1218 2812 alique
1262 2729 1403 2810 pendent.
1472 2728 1559 2792 l'rius
1602 2749 1696 2810 genus
1730 2730 1866 2794 nondum
1900 2731 2095 2797 observatum
2129 2741 2175 2796 est

567 2855 599 2918 iu
646 2854 787 2928 ossibus,
832 2853 890 2916 uisi
935 2854 1001 2939 quis
1047 2853 1249 2916 membranam
1296 2873 1467 2929 mucosam,
1518 2873 1596 2935 quae
1641 2853 1756 2918 fistulas
1801 2855 1981 2920 inveteratas
2028 2857 2174 2920 investire

567 2987 596 3038 ct
629 2977 660 3038 iu
693 2977 870 3040 necrosibus
910 2977 1034 3040 internis
1076 2977 1192 3038 ossium
1230 2975 1454 3051 tubulosorum,
1498 2995 1553 3055 per
1589 2976 1692 3056 plures
1730 2997 1826 3044 annos
1869 2979 2024 3044 interdum
2062 3001 2176 3062 suppu-

567 3101 709 3174 rontium,
745 3098 856 3160 evoriri
880 3099 990 3176 lertur,
1024 3098 1083 3160 buc
1106 3099 1259 3178 pertinere
1288 3097 1370 3160 velit.
1430 3097 1567 3160 Alterum
1590 3099 1718 3162 telarum
1740 3120 1889 3164 novarum
1915 3122 2010 3184 genus
2035 3102 2172 3188 (pseu-

568 3220 945 3302 doorganisationes
976 3240 1000 3282 s.
1029 3221 1378 3302 psendoplnsmata
1400 3241 1492 3284 sensu
1519 3223 1675 3306 strictiori)
1710 3224 1741 3288 iu
1770 3225 1906 3302 ossibus,
1934 3234 1966 3288 ut
1995 3229 2027 3290 in
2054 3228 2175 3312 reliquis

568 3345 706 3424 corporis
730 3343 865 3424 partibus
890 3342 1035 3416 occurrit;
1059 3340 1224 3406 substantia
1247 3364 1336 3408 ossea
1357 3345 1466 3428 partim
1491 3346 1636 3408 abolescit
1657 3348 1688 3410 iu
1710 3347 1756 3410 bis
1780 3323 1861 3426 telis,
1885 3351 1995 3430 partim
2016 3352 2176 3430 radiorum,

568 3468 728 3543 foliorum,
759 3465 905 3528 cellarum
928 3466 966 3528 ad
989 3466 1083 3532 instar
1099 3464 1156 3528 'eas
1179 3467 1305 3546 trajicit3
1335 3467 1416 3528 unde
1439 3465 1625 3530 ruirae'illac
1648 3471 1778 3533 existunt
1809 3473 1922 3534 ossium
1955 3475 2177 3538 trarrsrnutatio-

566 3613 629 3668 ueS,
653 3610 779 3674 quarum
802 3590 939 3672 exempla
962 3589 1112 3651 uberrime
1134 3591 1190 3652 sub
1212 3591 1334 3654 nomine
1356 3591 1493 3676 spinae
1515 3589 1703 3656 ventosae
1724 3594 1756 3658 iu
1777 3597 1890 3658 muscis
1913 3598 2091 3663 anatomicis
2102 3577 2175 3662 conss

565 3722 649 3796 gesta
672 3721 872 3792 asservantur,
896 3714 1027 3776 ostentui
1049 3714 1145 3794 magis
1167 3733 1257 3798 quam
1280 3714 1318 3774 ad
1342 3714 1516 3776 discendum
1538 3717 1707 3790 fructuosa3
1738 3718 1821 3800 quod
1851 3720 1931 3782 euim
1963 3721 2173 3801 gravissimum

566 3849 619 3916 est,
652 3840 713 3902 telo
736 3839 897 3915 abnormis,
920 3837 1123 3900 maceratione
1146 3837 1278 3900 ablatum
1307 3845 1360 3902 est.
1407 3840 1467 3902 Pro
1491 3839 1609 3904 diversa
1631 3848 1753 3919 natura,
1784 3843 1968 3926 sedeatque
1991 3844 2173 3911 evolationis

564 3963 673 4036 stadio,
696 3968 788 4040 prout
809 3960 932 4022 morbus
955 3962 987 4020 in
1019 3961 1086 4042 ipse
1107 3961 1272 4024 substantia
1295 3981 1384 4024 ossea
1407 3962 1553 4026 ab'iuitio
1575 3965 1679 4028 sedem
1701 3965 1819 4042 habuit,
1849 3947 1912 4028 vel·
1930 3987 1966 4030 ea
1995 3945 2209 4032 secundarn''

567 4090 681 4148 tautum
703 4091 845 4166 correpta
867 4089 920 4161 est,
943 4084 1058 4144 formae
1081 4083 1185 4146 eadem
1208 4093 1361 4146 excausa
1384 4103 1530 4166 perquam
1554 4086 1774 4167 discrepantes,
1804 4089 1989 4173 diversisque
2012 4111 2049 4154 ex
2073 4093 2171 4154 causis

567 4207 733 4270 simillimae
757 4207 896 4270 existunt.
943 4206 1022 4268 lliuc
1045 4205 1097 4267 illa
1120 4207 1279 4280 notionum
1301 4207 1524 4290 nominumque,
1547 4209 1602 4270 sub
1626 4209 1734 4292 quibus
1756 4212 1787 4272 bi
1810 4213 1924 4280 ossium
1947 4215 2044 4278 morbi
2057 4216 2169 4282 descri-

565 4329 609 4409 pti
632 4335 708 4404 suut,
731 4330 885 4403 coususi0;
908 4350 998 4412 quarn
1020 4349 1083 4391 uon
1106 4329 1177 4392 licet
1199 4328 1361 4408 explicari,
1383 4329 1441 4391 uisi
1464 4331 1494 4391 in
1518 4331 1680 4410 digerenda
1703 4333 1757 4394 bac
1781 4336 1903 4398 insterie
1925 4329 2064 4400 numnam
2092 4340 2169 4402 telae

567 4451 727 4520 morbosae
750 4457 923 4514 constanter
945 4453 1090 4545 sequaris.
1138 4451 1229 4534 Quod
1252 4451 1278 4514 si
1302 4451 1402 4530 iacias,
1424 4452 1494 4516 licet
1517 4454 1554 4514 ub
1577 4453 1662 4546 initio
1686 4457 1763 4518 luctu
1777 4457 1896 4522 demum
1917 4441 2050 4524 sectione
2062 4423 2172 4525 nomeu

568 4577 665 4639 morbi
688 4576 864 4638 inventurus
887 4574 938 4652 sis,
962 4575 1106 4637 continuo
1129 4576 1295 4652 tameniis,
1319 4595 1395 4656 quae
1419 4576 1552 4640 sectione
1576 4567 1847 4660 etquaeuccurate
1862 4555 2171 4650 observandoiuorbo

743 4788 754 4836 l
786 4788 866 4836 Bell
901 4787 964 4836 lc.
1002 4786 1072 4840 ,⁵1.

727 4781 768 4940 i²i
786 4824 952 4938 Bouiier,
979 4803 1104 4936 fpuntane
1122 4875 1232 4924 Fruelur
1257 4877 1302 4926 der
1321 4876 1599 4958 Scbcnlrellruorlreus,
1622 4881 1655 4932 tle
1668 4883 1801 4934 'Larmene
1819 4886 1901 4946 irrue,
1920 4885 1965 4940 20.
1985 4887 2067 4943 Debr.
2088 4890 2169 4942 18³².

565 4968 594 5016 ln
613 4981 638 5021 r.
657 4963 778 5026 reone-pr
796 4963 918 5013 Noliren.
939 4962 1086 5048 18³³.)st
1104 4963 1150 5017 δῖ.
1169 4964 1201 5014 N.
1223 4963 1295 5014 ΠΙ..
1397 5007 1418 5032 ·r
1451 5009 1459 5046 ¹:
1504 5045 1508 5054 ι
1589 5003 1594 5012 .
2008 4981 2012 4992 ·
