4784 5894
1366 514 1454 592 ¹1⁸8

597 724 654 792 'ait
687 729 776 787 emen
795 742 858 789 nen
880 721 1044 804 generum,
1074 721 1108 786 ia
1140 727 1252 788 sutum
1272 731 1380 788 surum
1401 721 1500 787 redire
1519 727 1664 802 poemate
1697 720 1807 788 sicubi.
1825 733 1910 794 uero:
1933 719 2140 790 uehementer
2169 727 2213 787 ert

616 847 809 915 inflammatio
838 853 868 912 et
895 866 957 928 per-
971 845 1091 925 longius
1113 851 1232 925 tempus
1248 851 1442 926 ‚perseveram
1470 844 1501 907 in
1522 845 1570 908 bis
1591 862 1730 928 quoque,
1754 851 1787 912 ut
1823 843 1857 914 in
1888 842 2115 908 blenuorrboea
2146 859 2213 910 eun

605 971 785 1050 jussolinae,
819 971 850 1032 in
883 968 1099 1048 suppuratione
1131 967 1324 1033 membranae
1354 967 1538 1047 synovialis,
1569 966 1794 1048 granulationes
1822 965 1962 1036 esbum
2006 966 2110 1048 atque
2131 967 2215 1032 vnis

618 1095 689 1171 sim,
717 1092 939 1174 granmationes
961 1092 1026 1154 siue
1048 1091 1266 1172 suppuratione
1287 1090 1429 1174 prosilire
1451 1090 1703 1157 absarensem
1725 1090 1864 1156 tractaris
1884 1090 1999 1158 mium
2022 1089 2215 1172 simplicibus,

620 1217 650 1278 in
680 1216 803 1298 quibus,
831 1215 913 1298 qnod
942 1215 977 1279 in
993 1215 1111 1296 pariete
1132 1215 1251 1278 interim
1274 1212 1418 1294 capsulae
1441 1233 1461 1274 a
1480 1213 1616 1294 partibus
1638 1213 1782 1277 mollibus
1803 1214 1917 1280 circum
1940 1215 2105 1276 tracturum
2126 1214 2216 1276 conli-

620 1345 685 1402 etae
707 1338 969 1415 exsulatum-est,
991 1338 1226 1434 lanquentium,
1252 1336 1337 1419 quod
1360 1356 1398 1399 ex
1420 1336 1553 1401 medulla
1573 1336 1734 1417 prosiluit,
1761 1335 1864 1417 specie
1885 1336 1966 1402 haud
1988 1355 2059 1400 raro
2081 1335 2217 1418 gramma·

620 1464 754 1534 tionibus
781 1483 872 1545 quam
899 1462 1082 1526 siruillimum
1112 1461 1269 1542 reperitur.
1321 1458 1355 1522 ln
1383 1459 1558 1524 vulneribus
1588 1459 1822 1541 suppurantibus
1852 1477 1911 1540 pue
1940 1467 1971 1524 et
1996 1459 2217 1540 grammunea

620 1588 726 1660 eodem
749 1593 884 1668 tempore
908 1585 1039 1650 existunt
1061 1591 1150 1666 atque
1173 1583 1338 1666 aeqrmliter
1360 1602 1421 1644 una
1443 1583 1620 1662 procedunt.

678 1727 680 1734 ¹
777 1710 882 1791 ltaque
909 1707 1258 1788 granulatiunes‘neque
1281 1726 1339 1786 pro
1362 1705 1484 1785 organis
1506 1705 1704 1787 quibusdam,
1730 1703 1773 1776 ab,
1792 1706 1877 1786 puris
1898 1707 2092 1773 secretionem
2114 1706 2219 1786 singu

618 1834 713 1898 larem
741 1834 773 1894 in
801 1832 925 1894 mudum
953 1831 1121 1894 conastitutis
1148 1830 1303 1892 habendae
1331 1836 1419 1909 suut,
1450 1847 1548 1910 neque
1579 1848 1617 1892 ex
1638 1849 1715 1910 pure
1738 1848 1790 1892 eas
1813 1830 1898 1912 quasi
1920 1830 2129 1912 praecipiens
2151 1848 2219 1892 esse

621 1958 709 2019 statui
739 1962 840 2037 potest
861 1953 931 2038 (l).
982 1955 1042 2018 Pus
1072 1953 1152 2017 euim
1181 1953 1346 2034 perlectum
1373 1951 1540 2032 organisari
1563 1971 1625 2016 non
1648 1951 1776 2033 anrplius
1798 1959 1909 2034 potest.
1952 1955 2068 2018 llome
2089 1951 2143 2030 (ἢ)
2166 1953 2220 2016 ob·

621 2087 768 2144 servatam
798 2078 916 2160 quidem
940 2097 958 2138 a
980 2097 1013 2139 se
1041 2077 1113 2138 dicit
1139 2077 1223 2158 puris
1247 2077 1277 2137 in
1300 2076 1524 2156 granulationes
1545 2076 1825 2151 commutationem
1855 2096 1914 2157 pus
1936 2096 2007 2141 mcx
2030 2083 2101 2157 post
2122 2095 2220 2140 secre-

619 2206 732 2266 tionem
755 2199 924 2284 coagulari,
946 2200 1130 2282 bullulisque
1158 2199 1236 2262 aridi
1264 2199 1417 2261 carbonici
1440 2198 1670 2262 ascendentibus
1693 2199 1857 2279 periurari3
1889 2199 2073 2264 emaliculcs
2096 2201 2219 2280 exiguus

619 2328 689 2390 iude
718 2333 803 2390 ortos
832 2324 980 2404 sanguine
1005 2323 1100 2386 rubro
1122 2322 1255 2403 irapleri;
1286 2341 1408 2403 eaque
1430 2321 1556 2384 omnia
1578 2321 1700 2386 horae
1734 2329 1914 2388 sextante
1947 2324 2104 2404 perlici3
2134 2323 2220 2386 rebm

620 2451 673 2524 iis,
695 2448 804 2530 quibus
827 2452 1043 2527 promoveatur
1065 2444 1150 2525 puris
1170 2443 1360 2524 coagulatio,
1382 2451 1415 2506 ut
1427 2463 1505 2525 aqua
1515 2443 1633 2523 frigida,
1653 2444 1807 2508 solutione
1829 2446 1970 2517 ammonii
1991 2446 2152 2524 muriafiei,
2172 2467 2218 2512 ae

621 2571 748 2638 uslei-m
758 2570 849 2635 etiam
859 2568 1042 2649 singularem
1053 2567 1136 2630 illam
1147 2566 1232 2648 puris
1243 2565 1532 2632 transmutationem
1570 2567 1811 2653 llaecdectrina,
1827 2569 2218 2654 liuetaneminelrucusque

620 2697 760 2774 relmata,
779 2695 820 2756 ite
841 2700 941 2756 tamen
953 2691 1074 2754 ,erroris
1096 2709 1170 2770 praa
1192 2709 1225 2754 se
1247 2691 1306 2752 lert
1327 2690 1457 2770 speciem
1480 2697 1599 2772 temque
1623 2690 1663 2760 ad
1680 2691 1782 2756 fidem,
1796 2691 1926 2762 difficilis
1947 2699 2001 2770 est,
2022 2701 2058 2757 ut
2078 2695 2132 2756 vix
2143 2693 2221 2776 quis·

591 2787 593 2794 Α
620 2839 709 2902 quam
732 2817 914 2882 mentionem
937 2817 1004 2896 ejus
1026 2813 1150 2894 injiciat¹
1194 2813 1300 2878 Smila
1325 2813 1398 2896 quid
1420 2813 1540 2878 Home
1558 2815 1624 2892 jam
1647 2823 1736 2881 antea
1756 2822 1959 2896 proposuerat
1981 2816 2018 2881 de
2041 2819 2218 2893 formatione

618 2959 762 3006 vesorum
791 2959 943 3009 novorum
976 2939 1009 3000 in
1041 2937 1167 3002 materie
1196 2936 1325 3017 plastica
1360 2937 1591 3001 inflammatione
1615 2937 1795 3002 exsudativa
1819 2939 1978 3016 exsudata,
2012 2940 2098 3022 qued
2125 2948 2218 3007 manau

618 3067 809 3130 'l'bomsoa
832 3063 889 3150 (3)
912 3061 1094 3142 argumentis
1117 3067 1147 3124 et
1169 3057 1430 3122 observab'cuibus
1453 3059 1544 3139 plane
1566 3061 1739 3124 confutavit

1040 3275 1095 3333 lle
1118 3273 1423 3358 suppurationis
1446 3272 1570 3360 variis
1592 3273 1809 3354 speciebus.

780 3435 869 3496 Duae
879 3432 1007 3496 amnne
1017 3451 1067 3494 res
1079 3437 1157 3506 senet,
1175 3449 1253 3512 quae
1265 3430 1295 3494 in
1309 3431 1467 3492 formando
1480 3451 1555 3510 pure
1566 3438 1597 3492 ct
1607 3431 1771 3498 ranuncula
1782 3433 1947 3510 confluunt,
1964 3435 2142 3515 saumrinem
2153 3435 2218 3500 dico

619 3565 782 3642 partesque
793 3556 951 3638 organicas
963 3555 1061 3626 vivam
1085 3573 1212 3635 quarum
1223 3552 1276 3617 ille
1287 3553 1439 3615 materiem
1451 3553 1583 3632 praebet,
1605 3555 1711 3619 harum
1722 3555 1753 3618 vi
1764 3562 1795 3620 et
1814 3556 1902 3638 quasi
1925 3557 2055 3639 impulsu
2066 3559 2219 3640 partimin

619 3683 719 3748 vivam
741 3681 945 3757 substantiam,
967 3679 1077 3762 partim
1099 3678 1130 3740 in
1154 3697 1211 3758 pus
1234 3677 1498 3740 transmutandum.
1544 3678 1668 3744 Varium
1692 3681 2220 3765 auternmsseoportathnncimpul-

618 3828 684 3870 eum
707 3827 764 3888 pro
787 3814 938 3870 structura
959 3805 1048 3866 rmius
1071 3804 1218 3884 cujusque
1235 3801 1318 3866 *telae
1342 3801 1541 3866 inflammatae
1563 3802 1697 3884 viteque,
1720 3822 1797 3884 quae
1813 3803 1890 3876 ,inae
1910 3804 2034 3885 pendet,
2057 3807 2219 3885 peculiaria

618 3931 698 3990 unde
721 3930 818 4008 prima
840 3929 937 3990 oritur
957 3928 1121 4002 variarum,
1151 3945 1229 4007 quae
1252 3925 1283 3999 iu
1306 3925 1542 3988 diversitate
1565 3926 1675 3988 sedis
1702 3926 1818 4006 positae
1847 3935 1929 4004 suut,
1958 3929 2128 4008 speciem
2148 3951 2221 4012 snp-

619 4050 786 4131 puretianis
809 4050 913 4111 series.
965 4049 1060 4110 Vario
1083 4055 1240 4127 praeterea
1262 4048 1356 4114 modu
1378 4047 1469 4112 variis
1493 4048 1592 4110 causis
1614 4047 1856 4114 inflammationis
1879 4050 1940 4114 tela
1960 4052 2104 4132 organica
2125 4063 2221 4119 mum-

620 4182 676 4249 tnr,
700 4174 857 4256 ipsamque
878 4170 1143 4236 mesammones
1165 4178 1200 4232 ut
1220 4170 1363 4246 comtum,
1385 4168 1435 4231 vel
1458 4170 1565 4234 morbo
1589 4171 1721 4252 quodam
1737 4171 1829 4234 locali
1851 4173 1899 4236 vel
1922 4175 2086 4256 praecipue
2106 4177 2220 4244 morbis

620 4313 679 4377 per
697 4303 793 4360 mum
813 4317 927 4378 corpus
951 4295 1074 4372 mmsis,
1095 4291 1284 4374 maximeque
1306 4292 1357 4369 iis,
1392 4292 1443 4374 qui
1470 4293 1502 4356 iu
1530 4293 1640 4358 vitiosa
1667 4298 2043 4376 versabaturnegetoticne
2064 4300 2129 4367 sive
2152 4321 2220 4366 san-

778 4576 819 4647 (l)
837 4574 983 4639 Meding,
1001 4577 1021 4634 1.
1040 4595 1064 4632 c.
1083 4575 1123 4644 (in
1142 4579 1274 4643 epbmer.
1293 4593 1372 4642 anpn
1390 4572 1480 4642 laud.)
1498 4595 1524 4642 p.
1542 4579 1606 4628 409.

777 4663 820 4736 (2)
841 4669 944 4716 Heme
964 4683 998 4714 un
1017 4667 1060 4713 ane
1078 4670 1233 4716 conversiun
1257 4670 1287 4715 ol
1309 4683 1357 4730 pus
1383 4669 1439 4716 into
1457 4669 1634 4730 granulatiuns
1661 4683 1692 4716 ur
1719 4683 1777 4718 new
1795 4669 1878 4732 llealr3
1905 4671 1950 4719 ia:
1971 4669 2072 4722 l’lailua.
2098 4682 2217 4725 munet·

619 4761 697 4815 1819.
716 4759 744 4814 Ρ.
764 4759 786 4810 1.
805 4775 831 4822 p.
852 4753 964 4808 1-10.
1388 4795 1392 4808 .
1419 4758 1424 4766 ’
1859 4817 1863 4824 ,
2040 4796 2043 4807 .

775 4843 816 4913 (8)
834 4847 1014 4905 Tharrana,
1032 4858 1048 4889 a
1067 4843 1249 4906 probationury
1267 4858 1341 4906 essay
1359 4858 1393 4890 un
1413 4843 1457 4890 the
1475 4842 1615 4904 formation
1634 4845 1662 4894 ol
1678 4860 1738 4895 new
1758 4844 1945 4910 bluodyrspplp.
1964 4848 2061 4906 Elinia,
2081 4848 2160 4900 1882.
2179 4853 2215 4906 el,

616 4930 789 4998 Ururiep's
807 4933 929 4995 Notizen,
947 4941 1008 4982 lum.
1026 4930 1154 4984 XXXVI.
1173 4948 1198 4993 p,
1219 4929 1279 4988 19³.
1299 4931 1360 4994 (Nc.
1381 4927 1455 4993 783).
1647 4956 1660 4971 ··
1848 4978 1861 5002 Ι,
1903 4961 1943 5002 ,ΙΙ
1965 4980 2000 5002 Η
