4784 5894
1410 560 1463 634 92

634 762 690 827 aed
711 764 800 826 etiam
822 765 862 835 ad
883 767 1060 832 renniouem
1081 775 1112 832 et
1131 769 1389 850 regenerationem
1411 768 1629 850 gravissimum
1673 768 1724 832 Fit
1745 787 1782 832 ea
1803 788 1867 833 uon
1887 769 1987 832 minus
2016 769 2049 832 iu
2078 770 2241 852 superficie

634 888 826 952 membranae
854 891 1027 956 medullaris
1056 911 1147 976 quam
1179 895 1336 976 periostei,
1371 913 1407 958 ao
1432 893 1532 975 primo
1560 892 1714 956 materiem
1727 895 1834 956 ‘refert
1861 911 1900 956 ex
1927 894 2243 968 flavescente-rufam,

635 1012 832 1093 gelatinosam
855 1015 1024 1100 (lympham
1044 1017 1229 1104 plasticam),
1251 1039 1329 1102 quae
1352 1018 1464 1082 sensim
1485 1018 1518 1080 in
1540 1017 1745 1098 cartilaginem
1775 1037 1812 1080 ac
1833 1017 1963 1100 denique
1984 1018 2017 1082 in
2045 989 2244 1082 substantiam

638 1157 756 1201 osseam
778 1139 846 1201 abit

797 1263 902 1344 Qualis
925 1264 964 1328 sit
982 1253 1125 1330 vasorum
1148 1267 1291 1344 conditio,
1312 1287 1353 1328 ex
1385 1265 1494 1348 quibus
1523 1272 1613 1328 aucta
1639 1266 1715 1328 baec
1743 1265 1886 1328 materiae
1913 1265 2058 1347 plasticae
2086 1267 2244 1330 exsudatio

637 1391 735 1448 ortum
757 1387 853 1464 trabit,
875 1409 936 1470 qua
957 1391 1074 1454 radone
1095 1391 1127 1454 in
1149 1392 1205 1453 bae
1227 1391 1294 1472 ipsa
1316 1391 1442 1453 materia
1471 1409 1554 1452 nova
1583 1389 1759 1452 exoriantur
1787 1409 1877 1467 vasa,
1910 1389 2009 1452 lector
2036 1390 2128 1454 velim
2158 1391 2246 1456 adeat

637 1511 748 1593 scripta
770 1513 909 1576 omnibns
931 1521 1004 1576 nota
1026 1516 1207 1592 Hunteri,
1237 1514 1502 1595 Doellingeri,
1532 1512 1882 1590 Kaltenbruuneri,
1913 1515 2148 1578 Scbroederi
2174 1537 2245 1579 van

638 1635 706 1696 der
729 1637 848 1713 Kolk,
871 1639 1083 1716 Thomson,
1107 1639 1297 1716 Gendriu,
1320 1647 1386 1715 etc,
1408 1658 1537 1722 quorum
1560 1637 1787 1700 observationes
1809 1637 1986 1718 inpartibus
1997 1639 2246 1704 mollibusfactas

636 1777 701 1820 non
723 1760 787 1821 sine
806 1763 878 1838 J'ure
902 1763 940 1824 ad
964 1783 1035 1826 ossa
1057 1765 1218 1826 transferre
1240 1763 1395 1836 videmur;
1418 1782 1516 1845 neque
1538 1761 1638 1824 minua
1666 1759 1786 1824 edentia
1816 1771 1974 1842 praetereo
2002 1763 2187 1845 scriptorum
2208 1766 2245 1828 de

637 1881 720 1944 fonte
743 1891 773 1946 et
794 1884 910 1964 origine
931 1885 1020 1966 hujus
1043 1887 1225 1952 substantiae
1248 1907 1354 1950 osseae
1378 1905 1483 1950 recens
1512 1886 1658 1951 formatae
1687 1886 1849 1949 sententias
1872 1886 2104 1965 diversissimas,
2143 1897 2246 1971 utpote

638 2006 677 2068 de
698 2027 758 2089 qua
780 2027 814 2070 re
837 2009 923 2086 infra,
945 2031 1038 2094 quum
1060 2013 1098 2074 de
1121 2009 1300 2075 formatione
1323 2011 1392 2076 calli
1415 2011 1446 2072 in
1470 2009 1609 2072 fracturis
1632 2009 1788 2089 speciatim
1810 2029 1975 2090 exponam,
1996 2012 2120 2076 uberius
2147 2014 2246 2078 dicen-

638 2130 710 2192 dum
733 2133 800 2206 erit;
822 2133 973 2197 hocloco
997 2156 1095 2218 pauca
1117 2143 1231 2199 tanturm
1253 2136 1417 2216 generatim
1440 2133 1478 2196 de
1500 2132 1676 2196 evolutione
1699 2139 1729 2194 et
1759 2141 1867 2195 natura
1898 2137 1964 2214 ejus
1995 2137 2181 2202 substantiae
2203 2139 2245 2200 di·

638 2273 712 2332 cam,
735 2263 890 2338 quatenus,
914 2279 950 2320 aa
970 2261 1079 2340 partim
1102 2279 1140 2322 ex
1162 2261 1277 2323 ossium
1300 2259 1513 2322 morbosorum
1535 2255 1736 2340 inquisitione,
1758 2257 1867 2338 partim
1889 2279 1928 2322 ex
1951 2261 2004 2337 iis,
2036 2281 2113 2344 quae
2137 2263 2178 2328 de
2199 2283 2244 2328 sa-

638 2379 760 2442 natione
783 2381 896 2444 ossium
911 2383 1083 2446 doctorum
1105 2381 1273 2460 observavi,
1295 2383 1403 2445 elucet.
1429 2415 1469 2430 -

800 2509 901 2585 Quum
923 2505 1053 2585 primum
1075 2505 1245 2588 organisata
1268 2515 1314 2570 est
1335 2507 1460 2568 materia
1481 2505 1623 2586 plastica,
1653 2503 1857 2584 cartilaginem
1887 2509 1992 2585 refert,
2026 2531 2156 2591 prorsus
2179 2532 2245 2576 ean·

640 2626 708 2688 dem
730 2633 910 2692 structuram
932 2631 1127 2709 exhibentem,
1149 2651 1238 2715 quam
1260 2632 1291 2692 in
1314 2631 1488 2711 cartilagine
1510 2636 1683 2692 ossescente
1705 2630 1831 2710 reperiri
1850 2633 2002 2708 novimum
2025 2635 2056 2696 in
2079 2636 2244 2700 substantia

641 2751 834 2831 cartilaginea
857 2754 985 2836 simplici
1007 2756 1189 2838 corpuscula
1210 2762 1299 2818 ovata
1321 2756 1458 2836 dispersa
1480 2763 1562 2830 sunt;
1586 2753 1699 2816 circum
1721 2773 1814 2836 quae,
1837 2776 1935 2838 neque
1965 2765 2065 2821 minen
2088 2769 2174 2826 certo
2197 2783 2244 2826 or·

641 2875 710 2937 dine
734 2877 887 2956 disposita,
909 2880 970 2942 tola
993 2901 1083 2944 ossea
1105 2881 1247 2962 primaria
1270 2879 1369 2942 existit
1391 2886 1433 2959 (v.
1458 2879 1531 2942 Tab.
1555 2881 1578 2942 l.
1603 2881 1651 2962 lig.
1676 2879 1738 2960 8.);
1762 2889 1851 2965 atque
1874 2883 1905 2942 iu
1927 2884 1983 2945 bac
2003 2884 2131 2968 denique
2155 2907 2243 2949 cana-

640 2999 685 3060 les
708 3001 889 3066 medullares
912 3007 1043 3082 majores
1066 3005 1251 3067 exoriuntur.
1307 3005 1346 3065 lli
1369 3003 1490 3065 canales
1513 3005 1673 3066 medullam
1698 3007 1852 3067 continent
1873 3007 2011 3085 fluidam,
2042 3010 2138 3072 multis
2161 3011 2240 3074 vasis

642 3123 829 3198 instructam,
864 3135 977 3187 certum
1007 3129 1144 3190 ordinem
1174 3147 1237 3190 non
1263 3127 1403 3188 exhibent
1431 3135 1461 3188 et
1489 3127 1680 3190 multifariam
1702 3129 1779 3190 inter
1801 3149 1834 3192 se
1857 3132 2012 3210 conjuncti
2034 3141 2113 3206 sunt;
2147 3153 2239 3217 quare

641 3264 723 3306 nova
745 3247 909 3310 substantia
932 3270 1020 3312 ossea
1043 3251 1173 3331 speciem
1195 3250 1294 3314 nuclei
1323 3251 1403 3315 ossei
1431 3251 1545 3314 ossium
1575 3252 1710 3314 brevium
1739 3253 1973 3333 spongiosornm
2001 3257 2091 3336 plane
2118 3259 2242 3322 similem

642 3369 769 3432 exbibet.
826 3373 926 3434 Prima
958 3375 1139 3455 cartilaginis
1163 3383 1204 3436 'et
1233 3375 1443 3438 ossilicationis
1473 3377 1598 3455 vestigia
1626 3397 1745 3456 semper
1773 3377 1804 3438 in
1832 3379 1991 3457 superficie
2021 3381 2098 3445 ossis
2119 3384 2242 3464 pristini,

602 3505 605 3514 '
644 3513 797 3576 nunquam
821 3516 894 3560 vero
918 3499 1043 3562 nucleos
1066 3485 1172 3562 ossbos
1195 3507 1351 3580 separatos
1375 3500 1534 3560 referentia
1556 3501 1751 3580 deprehende
1775 3501 1801 3563 si
1824 3503 1945 3583 quando
1968 3505 2083 3582 accidit,
2105 3515 2139 3570 ut
2159 3509 2242 3572 initio

644 3617 762 3698 singula
783 3628 895 3700 puncta
918 3643 1006 3685 ossea
1029 3625 1188 3704 agnovisse
1210 3624 1281 3684 mihi
1303 3624 1429 3700 viderer,
1453 3623 1639 3686 accuratiore
1662 3624 1853 3706 inquisitione
1877 3647 1996 3708 semper
2011 3637 2061 3692 aut
2083 3653 2151 3694 cum
2175 3653 2242 3698 osse

644 3761 681 3804 ea
714 3746 888 3824 cohaerere,
923 3756 974 3810 aut
1003 3751 1135 3812 assulam
1165 3749 1296 3832 aliquam
1328 3749 1407 3812 ossis
1431 3767 1536 3810 eorum
1568 3755 1709 3830 tanquam
1734 3750 1959 3814 fundamentum
1982 3756 2179 3834 reperiebam.
2201 3794 2244 3807 ,..

645 3869 788 3931 Cessante
810 3892 890 3934 nnnc
912 3873 1153 3951 inflammatione,
1176 3893 1355 3956 quamquam
1378 3873 1543 3936 substantia
1573 3893 1663 3936 ossea
1691 3893 1773 3934 nova
1801 3875 1911 3937 ambitu
1943 3897 2008 3938 aon
2030 3881 2157 3961 amplius
2182 3903 2244 3946 cre-
2361 3953 2362 3960 ,

645 3990 709 4064 scit,
731 3991 810 4054 intus
833 4002 931 4056 tamen
955 3999 1131 4058 commutari
1152 3986 1289 4058 noudum
1309 3998 1430 4065 ‹lesiuit;
1453 3997 1612 4058 canaliculi
1635 3998 1816 4061 medullarea
1846 3999 2079 4080 amplificantur,
2114 4007 2188 4068 dum
2214 4011 2243 4070 in
2361 4073 2362 4094 ,

646 4121 770 4177 externa
791 4119 949 4198 superficie
972 4127 1074 4180 cortex
1098 4120 1203 4182 durior
1224 4119 1337 4193 existit3
1370 4121 1436 4200 ipsa
1469 4119 1601 4180 medulla
1630 4121 1756 4200 spissior
1784 4123 1817 4184 fit
1846 4131 1934 4206 atque
1963 4128 2135 4190 emedulla
2156 4151 2243 4196 ossea

647 4256 720 4299 sana
742 4259 803 4302 non
827 4243 955 4324 amplius
978 4245 1089 4320 differt,
1112 4249 1201 4324 atque
1223 4243 1347 4305 omnino
1377 4244 1577 4306 conformatio
1606 4245 1742 4306 exoritur
1768 4246 1847 4310 ossis
1875 4249 2040 4329 spongiosi.
2092 4254 2242 4320 Interdum
2361 4247 2362 4262 ¹

647 4380 720 4424 vero
743 4364 908 4428 substantia
929 4389 1018 4432 ossen
1039 4387 1144 4432 recens
1168 4373 1274 4429 exorta
1296 4367 1390 4429 multo
1413 4369 1575 4448 majorem,
1608 4387 1698 4450 quam
1727 4369 1792 4449 ipsa
1822 4372 1987 4435 substantia
2017 4377 2167 4444 corticalis
2194 4401 2242 4444 os-

647 4485 725 4548 sium
746 4488 965 4568 tubulosorum,
987 4494 1160 4574 adipiscitur
1182 4492 1357 4554 densitatem
1380 4512 1415 4554 ac
1438 4493 1500 4554 fere
1523 4493 1654 4554 eburnea
1677 4493 1790 4566 evadit;
1819 4495 1849 4557 id
1880 4498 1963 4580 quod
1993 4499 2023 4560 in
2052 4515 2241 4580 permanante

646 4610 819 4690 irritatione,
842 4635 901 4697 qua
924 4635 959 4678 os
982 4616 1013 4677 in
1035 4616 1197 4680 interstitiis
1220 4616 1457 4697 supramodum
1480 4617 1611 4678 nutritur
1632 4623 1721 4698 atque
1735 4591 1826 4680 nimia
1847 4621 2028 4686 substantiae
2052 4646 2240 4693 osseaecon·

646 4736 825 4800 formatione
848 4739 1005 4802 canaliculi
1027 4747 1226 4818 coarctantur,
1247 4741 1365 4802 videtur
1385 4740 1517 4820 positum
1540 4759 1615 4803 essa.
1661 4743 1902 4823 Deprehenditur
1931 4747 2005 4810 haec
2034 4749 2165 4814 eburnea
2187 4755 2239 4816 du-

645 4861 728 4924 rities
752 4863 878 4926 maxime
900 4865 931 4926 in
961 4864 1149 4927 exustosibus
1180 4883 1271 4926 causa
1297 4865 1414 4926 interna
1443 4864 1570 4942 exortis,
1603 4865 1633 4926 in
1667 4866 1776 4948 quibus
1805 4868 1998 4932 inflammatio
2027 4875 2161 4940 nondum
2188 4898 2239 4940 ex-

645 4989 752 5051 stincta
775 4996 834 5066 cst,
868 4997 897 5052 et
919 4989 970 5073 qui
992 4988 1104 5051 ambitu
1126 5007 1246 5072 quoque
1269 4988 1366 5050 adhuc
1388 4995 1547 5070 ungentum
1579 5009 1637 5054 nec
1658 4991 1757 5055 minus
1780 4993 1811 5054 in
1833 4995 2009 5060 necrosibus
2031 4996 2175 5080 internis,
2207 5003 2236 5064 in
