4768 5894
942 539 1023 616 2³1

180 767 278 834 saepe
298 729 560 815 murmurium
580 749 701 832 perfici,
732 753 763 814 et
783 747 947 814 caruncula
967 749 1048 815 intus
1070 751 1164 833 magis
1185 749 1218 814 in
1240 750 1304 815 dies
1328 755 1517 816 accresccma
1542 757 1658 834 partem
1680 772 1781 818 emcr-

185 881 267 938 tuam
288 875 400 939 sensim
421 894 528 940 versus
550 881 721 958 aperturam
741 875 875 939 onlnem
897 880 1068 956 protensam
1090 882 1244 959 postremo
1263 853 1480 960 nonuunquam
1503 877 1572 958 ejici
1587 878 1654 954 (l);
1676 897 1782 942 verum

182 998 305 1064 nomm
326 1019 396 1064 cum
416 999 529 1082 ingenti
549 999 659 1064 virium
680 1007 712 1063 ct
731 999 875 1081 temporis
896 999 1048 1081 impendio
1071 1002 1130 1064 hcc
1158 999 1328 1082 perficitnrt
1355 999 1485 1064 maxime
1515 1001 1541 1064 si
1569 1003 1704 1066 nemesis
1738 1003 1784 1066 iu·

180 1131 269 1186 terna
289 1129 343 1201 est
364 1124 392 1187 si
413 1144 484 1206 pers
506 1131 643 1188 emortua
664 1123 772 1208 (quam
794 1132 1034 1207 sequestrem
1055 1125 1182 1202 vocant)
1207 1143 1277 1188 csse
1305 1123 1376 1188 nivo
1403 1123 1518 1187 tumido
1541 1125 1785 1190 circumcluditur

177 1247 231 1310 rel
252 1247 417 1311 substantia
439 1267 529 1312 ossea
549 1267 631 1312 nova
652 1247 764 1310 circum
786 1254 963 1329 generatur;
986 1248 1088 1312 ulcera
1111 1249 1254 1330 perennia
1276 1267 1364 1314 usum
1387 1248 1588 1312 membrorum
1619 1266 1675 1330 per
1707 1250 1786 1314 mul·
1871 1241 1875 1250 ’

179 1379 230 1436 tos
251 1389 342 1452 saepe
359 1391 460 1435 ‚annos
482 1371 655 1454 impediunt,
678 1372 816 1454 vitaeque
838 1372 967 1453 spatium
990 1371 1057 1436 aliis
1075 1372 1328 1452 jucundissimum
1360 1379 1390 1436 et
1418 1373 1457 1436 ad
1489 1392 1539 1436 res
1561 1374 1708 1454 gerendas
1729 1394 1785 1456 ap·

178 1495 327 1560 tissimum
349 1496 534 1576 aegritudine
556 1495 768 1572 ccrrtaminaut,
791 1496 938 1574 confirma
957 1497 1117 1558 humorum
1142 1496 1263 1575 jactura
1282 1497 1370 1559 ¹vires
1399 1497 1519 1560 taudem
1548 1517 1709 1579 aegrorum
1731 1517 1785 1562 ex·

178 1619 331 1700 hauriunt,
354 1627 384 1682 et
405 1619 519 1682 febrem
541 1620 693 1696 hecticam,
715 1619 807 1683 immo
833 1628 960 1684 mortem
983 1619 1146 1683 adducunt
1192 1621 1338 1684 Veterum
1360 1620 1509 1702 chirurgia
1530 1622 1624 1686 multa
1647 1630 1676 1686 et
1698 1624 1783 1686 mne-

180 1745 311 1808 stissima
331 1743 421 1806 uobis
443 1744 531 1838 cllert
553 1745 702 1824 ejusmodi
725 1745 879 1826 exemplar
903 1763 1033 1828 quorum
1056 1763 1095 1806 ex
1117 1763 1226 1824 magno
1249 1763 1377 1808 numero
1401 1761 1494 1808 unum
1516 1753 1630 1810 munim
1654 1747 1784 1825 afferam,

181 1889 203 1930 a·
222 1865 444 1953 Ludwig(2)
467 1874 674 1932 memorabam.
718 1868 833 1944 Puella,
855 1887 938 1934 nouo
961 1869 1041 1932 vitae
1070 1887 1150 1930 anno
1180 1868 1300 1932 necrosi
1330 1868 1452 1932 temonis
1483 1877 1631 1951 correpta,
1653 1891 1709 1952 per
1730 1891 1785 1935 an·

180 2011 240 2056 uos
262 1999 332 2056 octo
354 1991 516 2068 ulceribus,
537 2009 615 2075 quac
637 1992 760 2062 alteruis
782 1991 898 2056 vicibus
920 1992 1177 2056 consenescebant
1199 1999 1229 2054 et
1250 2011 1356 2058 rursus
1375 1990 1598 2076 nrmpebantur‚
1619 1993 1784 2072 laborabat,

182 2116 280 2180 donec
300 2115 420 2178 modam
441 2115 597 2196 chirurgus
619 2116 748 2199 quidam·
763 2116 888 2196 majoris
910 2117 1029 2180 consilii
1050 2123 1166 2198 partem
1188 2115 1371 2180 necroticam
1405 2117 1515 2180 exemit
1540 2118 1670 2202 indeque
1700 2118 1785 2184 breti

184 2240 287 2316 effecit,
308 2245 343 2302 ut
363 2239 454 2321 plena
475 2239 618 2304 valetudo
641 2239 826 2324 meminique
847 2259 921 2303 usus
943 2259 1052 2320 aegrae
1073 2241 1289 2304 restitueretur.
1339 2241 1407 2302 Hoc
1435 2240 1575 2324 exemplo
1604 2242 1654 2304 vel
1684 2243 1785 2308 solum

187 2365 376 2441 demonstret,
397 2362 471 2447 quid
488 2365 685 2444 judicandum
707 2364 746 2430 sit
767 2364 806 2428 de
828 2365 1067 2445 consumptione,
1089 2383 1150 2446 quc
1171 2361 1277 2444 piures
1300 2365 1465 2444 scriptores
1494 2365 1651 2448 paullatim
1673 2367 1791 2434 antemi

182 2494 366 2572 sequestmm
386 2487 575 2566 arbitrantur,
598 2488 771 2566 etidcirco,
793 2496 913 2554 utrem
936 2505 1057 2550 curnam
1079 2494 1206 2551 naturae
1234 2487 1449 2568 perficiendam
1479 2461 1699 2572 relinquamus,
1728 2509 1785 2556 uc·

181 2613 230 2677 bis
251 2613 388 2678 suadent.
431 2613 535 2694 ltaque
557 2611 691 2687 simmae,
712 2619 831 2692 partem
851 2611 1034 2674 necrcticam
1056 2617 1225 2690 separatam
1256 2631 1338 2688 esse,
1366 2612 1575 2694 exploratione
1606 2614 1695 2680 uobis
1715 2635 1786 2696 pen·

181 2757 308 2803 masone
328 2742 381 2812 est,
403 2733 555 2798 dilatanda
577 2734 679 2796 fistula
699 2741 752 2810 est,
774 2741 804 2796 et
825 2734 852 2796 si
875 2754 922 2796 res
945 2733 1053 2814 erigit,
1076 2753 1113 2796 cs
1144 2732 1261 2795 terebra
1290 2731 1451 2798 terendum
1480 2736 1714 2821 eximendusque
1737 2759 1786 2802 se·

183 2867 306 2945 quester
327 2877 396 2923 osse
417 2857 570 2936 iucluaus3
594 2857 780 2939 exspectatio
802 2857 834 2919 iu
856 2856 909 2918 tali
931 2875 965 2920 ra
986 2875 1107 2937 semper
1127 2875 1250 2933 nocens,
1273 2874 1366 2938 saepe
1388 2859 1521 2936 funesta,
1552 2861 1670 2924 sortiter
1690 2869 1783 2924 artem

182 2984 343 3050 subvenire
364 2999 516 3065 uunquam
536 3000 601 3044 uon
622 2981 826 3044 necessarium
850 2987 906 3044 est.

340 3108 410 3171 lam
430 3126 504 3168 veru
526 3105 815 3189 circumspicientes,
850 3125 980 3189 quanam
1008 3105 1126 3167 ratione
1155 3102 1288 3184 cognitio
1318 3125 1442 3184 eorum,
1472 3127 1549 3189 qnae
1583 3107 1621 3170 ad
1643 3109 1785 3175 necrosin

184 3233 348 3316 pertinsem,
381 3232 420 3294 ad
441 3231 673 3312 perlectionem,
702 3248 762 3312 qua
783 3248 865 3291 nunc
886 3229 1012 3309 gaudet,
1041 3227 1121 3290 haud
1144 3235 1226 3290 certe
1248 3223 1387 3310 eiriguam
1410 3233 1597 3294 conformata
1619 3240 1708 3316 atque
1731 3253 1784 3296 en-

185 3357 267 3422 culta
286 3356 340 3434 sit,
369 3357 450 3436 apud
473 3354 693 3436 antiqulashncs
723 3353 844 3436 quidam
864 3353 1027 3433 scriptores
1055 3352 1153 3434 prima
1180 3355 1247 3434 ejus
1276 3352 1401 3438 vestigia
1424 3355 1609 3433 invenimus,
1642 3363 1676 3420 ut
1705 3357 1786 3438 apud

184 3481 462 3563 Hippocratem
484 3477 546 3556 (b),
568 3478 620 3562 qui
641 3475 838 3559 cqmlrcphe
857 3477 998 3540 necrosin
1021 3477 1134 3540 ossium
1156 3478 1287 3556 vocant,
1310 3486 1340 3542 et
1361 3480 1442 3560 apud
1472 3479 1627 3544 Celsum
1649 3481 1711 3557 (t),
1734 3481 1785 3562 qui

347 3649 581 3725 (1)D'uhamel
620 3653 710 3720 (mem.
741 3657 774 3706 de
798 3653 893 3707 l'acad.
918 3657 1007 3715 ropale
1040 3655 1085 3706 dee
1111 3673 1148 3710 ec.
1185 3658 1259 3705 l’aria
1279 3657 1349 3707 1rt³
1386 3675 1412 3720 p.
1432 3651 1508 3724 261.)
1527 3652 1673 3719 ¹ejusmodi
1696 3673 1785 3706 casum

186 3747 337 3810 deacrlpait,
360 3748 389 3794 ln
414 3759 466 3808 quc
492 3754 550 3807 post
573 3747 718 3794 multorum
735 3744 841 3794 demum
859 3759 987 3791 annorum
1006 3745 1125 3791 mlaeriee
1144 3757 1201 3806 para
1221 3747 1354 3794 necrotiea
1374 3745 1401 3792 in
1420 3753 1528 3793 externa
1547 3747 1656 3793 rrrlnere
1674 3747 1703 3792 in
1721 3761 1783 3792 cun·

187 3845 304 3902 spectum
329 3835 415 3896 renit,
438 3849 469 3882 ac
487 3849 534 3896 per
551 3834 659 3894 longum
679 3841 764 3880 temen
784 3833 934 3880 etiamnunc
953 3839 1069 3894 ternpus,
1094 3845 1175 3892 quum
1195 3846 1328 3892 perperam
1346 3832 1379 3879 ds
1399 3839 1491 3878 creterra
1510 3832 1595 3880 morht
1609 3829 1784 3895 judicaretur,

186 3925 399 3989 relinquebatur,
418 3923 501 3970 donec
520 3921 633 3983 tandem,
651 3922 756 3968 miserta
775 3920 849 3982 queri
866 3917 943 3966 lons
962 3917 1086 3979 Fortunae,
1105 3918 1227 3978 chirurgo
1246 3919 1342 3967 rulnua
1361 3920 1506 3981 inquirenti
1537 3922 1565 3968 iu
1584 3921 1704 3970 manibus
1722 3923 1783 3972 hee·

185 4019 229 4066 alt.
264 4011 367 4064 Sinrllia
384 4025 458 4061 cuna
476 4026 492 4059 a
510 4009 716 4058 Weidmanu
735 4007 767 4070 (l.
787 4022 810 4061 c.
830 4024 855 4069 p.
873 4001 933 4074 dl.)
953 4015 1071 4055 narretur
1089 4012 1143 4056 eat:
1162 4021 1229 4070 puer
1246 4022 1375 4059 annorum
1393 4009 1591 4071 quattuordecim
1608 4011 1713 4059 nearcai
1731 4011 1781 4062 hu·

185 4106 252 4160 meri
269 4109 489 4165 eorreptueernn
515 4105 649 4164 gmetquam
667 4097 819 4160 supprimite
837 4111 882 4158 per
898 4111 982 4148 eunus
996 4091 1053 4158 jam
1074 4097 1139 4146 aluos
1159 4104 1185 4146 et
1203 4097 1342 4145 dimidium
1362 4098 1515 4160 durarent,
1541 4113 1598 4161 pare
1616 4107 1735 4150 emortua
1755 4101 1784 4150 in

187 4202 333 4258 aperturam
357 4191 476 4239 vulneris
502 4198 637 4238 externam
663 4187 764 4248 ingredi
789 4188 890 4248 eoepit,
916 4194 942 4233 et
966 4187 1032 4233 intra
1056 4200 1155 4234 annum
1179 4193 1311 4234 recurreret
1329 4187 1468 4234 dimidium
1494 4188 1631 4250 paullatim
1650 4205 1682 4236 ec
1699 4203 1784 4254 usque

188 4283 307 4344 emersit,
339 4286 369 4327 ut
392 4277 473 4339 digito
499 4294 552 4326 unc
578 4283 603 4325 et
630 4275 742 4324 dimidio
760 4275 925 4336 promineret.
964 4274 1002 4320 llo
1021 4280 1135 4336 tempure
1154 4273 1383 4322 Weielmauno
1402 4289 1479 4334 aeger
1497 4275 1617 4336 oblatua3
1636 4279 1736 4328 circum
1755 4295 1784 4330 oe

186 4372 335 4440 prominens
359 4373 477 4428 apertura
503 4367 599 4414 ulceris
618 4379 704 4428 paene
722 4363 750 4411 in
770 4361 918 4410 cicatricem
937 4361 1053 4425 abierut3
1079 4363 1106 4409 iu
1126 4361 1249 4410 irriericre
1268 4373 1331 4410 vero
1349 4362 1450 4411 brachii
1470 4371 1541 4426 parte
1559 4365 1642 4414 altera
1659 4377 1783 4431 apertura

190 4466 298 4511 iurenta
321 4463 376 4517 eat,
402 4469 467 4517 quec
492 4455 618 4502 continuo
644 4469 692 4516 pua
711 4451 871 4504 effundebat.
918 4450 1085 4512 Explorerudc
1110 4465 1168 4513 para
1194 4451 1323 4500 uerrutice
1349 4451 1467 4514 undique
1492 4461 1611 4515 reperata
1629 4458 1781 4520 apparebam

187 4555 277 4614 itaque
293 4544 513 4603 Weidmenu,
539 4541 620 4604 idque
639 4543 696 4590 aine
715 4543 772 4590 ullc
790 4541 844 4588 iere
863 4538 969 4599 dolore,
988 4553 1045 4588 earn
1065 4540 1192 4600 extraxit,
1210 4553 1261 4600 quo
1279 4539 1363 4602 laeto,
1381 4555 1458 4602 aeger
1476 4541 1549 4590 beeri
1566 4545 1674 4591 omnino
1692 4557 1781 4593 conaa·

187 4642 247 4692 nult
271 4635 321 4704 (Gi.
345 4629 429 4696 ejusd.
453 4631 502 4680 tab.
529 4630 577 4680 lx.
597 4630 613 4676 l.
635 4629 650 4678 l
669 4635 696 4676 et
713 4629 753 4692 2).
789 4629 874 4690 Alius,
894 4623 995 4676 necmesi
1016 4627 1097 4673 tibiae
1122 4635 1262 4688 correptus,
1281 4621 1505 4690 (Weidmauu
1524 4629 1545 4682 l.
1564 4647 1588 4679 c.
1607 4645 1632 4694 p.
1652 4627 1708 4695 29.)
1727 4641 1783 4695 pcat

187 4733 277 4792 leuna
294 4723 411 4775 miseriae
428 4720 568 4769 maximam
587 4717 669 4764 tibiae
688 4725 795 4780 partem,
814 4733 881 4780 qrree
895 4712 952 4780 jum
971 4715 1071 4764 dudum
1089 4728 1123 4762 ex
1142 4723 1202 4764 cute
1222 4717 1411 4782 promiuuerat,
1430 4719 1485 4782 ipae
1504 4717 1622 4771 extraxit.
1715 4759 1718 4770 ,

347 4808 388 4878 (2)
406 4809 559 4868 Ludwig,
579 4805 729 4853 aelreraarie
747 4803 995 4867 medico-preater.
1015 4803 1071 4853 l'ol.
1091 4801 1142 4856 ill.
1161 4803 1190 4860 Ρ,
1210 4805 1232 4854 Ι.
1251 4820 1274 4868 p,
1293 4803 1337 4862 56,

348 4897 388 4964 (3)
407 4883 631 4960 llippoeratie
649 4893 737 4954 apher.
755 4891 824 4940 seca
844 4893 901 4942 Vll.
921 4893 965 4948 Π.

350 4981 393 5057 (4)
412 4987 548 5046 Celent,
567 4983 600 5032 de
618 4982 759 5030 medicina.
780 4980 828 5036 lib.
847 4979 898 5036 111.
916 4997 940 5034 c.
959 4981 986 5036 2.
