4768 5894
1378 559 1459 637 2⁴0

904 857 944 944 2)
966 859 1020 922 De
1052 855 1355 944 regeneratione
1387 865 1478 941 post
1511 861 1693 950 aceresia
1725 861 1949 948 internam.¹
2004 913 2038 950 Ι.
2120 945 2123 954 .

776 1017 859 1084 llaec
878 1023 925 1080 est
946 1015 1017 1095 illa,
1050 1033 1129 1098 quae
1149 1015 1279 1098 primum
1301 1017 1535 1081 mntrouersias.
1558 1018 1597 1082 de
1624 1019 1851 1100 mqeuemtioae
1878 1019 1994 1083 omium
2021 1018 2162 1082 excitavit
2187 1025 2221 1080 et

618 1142 656 1206 de
678 1158 739 1226 qua
760 1141 888 1203 manime
910 1139 1109 1220 disceptatum
1129 1145 1186 1202 est.
1231 1138 1292 1202 Sed
1315 1145 1474 1222 antequam
1496 1141 1636 1205 adhunc
1660 1161 1725 1205 rem
1754 1141 1977 1224 aggredimur,
2003 1143 2220 1223 phaenomena,

616 1265 747 1348 quaein
767 1262 888 1326 necrosi
910 1262 1029 1325 interna
1050 1266 1207 1342 apparent,
1229 1279 1367 1345 quaeque
1389 1281 1407 1324 a
1428 1263 1582 1347 plerisque
1603 1265 1811 1346 scriptoribus,
1835 1266 1886 1348 qui
1909 1264 1947 1326 de
1970 1264 2219 1345 eaexperimeuta

615 1389 759 1462 lecerunt,
780 1385 852 1448 licet
874 1384 912 1448 de
933 1385 1026 1448 totius
1047 1401 1211 1465 processus
1232 1385 1350 1448 ratione
1370 1405 1555 1468 magnopere
1577 1387 1657 1450 inter
1675 1387 1914 1465 sedissentient,
1936 1386 2010 1450 calm
2033 1393 2131 1450 tamen
2146 1405 2218 1449 con-

615 1517 758 1594 qmenter
779 1508 995 1586 describentem,
1017 1509 1122 1589 paucis
1141 1510 1206 1588 jam
1228 1509 1411 1590 exponenda
1429 1515 1510 1572 sumt.

776 1633 810 1694 Si
830 1633 863 1694 in
886 1651 956 1694 osse
978 1630 1131 1708 tutulum,
1153 1635 1315 1713 postquam
1337 1633 1405 1711 ejus
1431 1649 1540 1695 cavum
1567 1632 1793 1714 amputatione‚'
1817 1633 1868 1696 uel
1885 1638 2017 1698 ‘exsecta
2044 1633 2149 1716 aliqua
2165 1652 2218 1714 pa·

615 1757 699 1822 aietis
721 1761 815 1837 parte,
838 1762 975 1836 apertum
997 1761 1051 1830 est,
1073 1753 1207 1816 medulla
1229 1773 1288 1834 ope
1310 1753 1429 1835 specilli
1449 1754 1557 1836 ingesti
1579 1753 1743 1820 destruitur
1762 1755 1978 1838 atquecanalis
1998 1755 2092 1818 dnteo
2113 1761 2216 1836 carpto

615 1881 758 1962 repletur,
779 1879 915 1941 necrosis
936 1877 1021 1940 strati
1041 1877 1151 1939 interni
1173 1876 1250 1939 ossis
1273 1877 1381 1940 existit.
1426 1878 1518 1940 Brevi
1539 1884 1611 1959 poet
1631 1876 2069 1963 (etquidemcitiueinavibus
2085 1878 2214 1960 quanin

615 2001 833 2077 mammelibus,
854 2000 1058 2082 itidemquein
1070 1999 1277 2082 catulisquam
1300 1999 1473 2084 inadnltis)
1495 2005 1578 2064 artus
1599 2001 1747 2066 tumelieri
1770 2001 1888 2082 incipitq
1909 2000 2214 2082 praeterlapstsnorts

615 2124 721 2206 &inti
738 2130 869 2208 quatuor
884 2124 916 2185 in
938 2123 1087 2204 palumbis
1108 2128 1210 2204 partes
1231 2123 1341 2186 molles
1362 2143 1501 2203 memiana
1524 2123 1686 2186 ostendunt
1705 2123 1930 2188 intimationem
1952 2124 2215 2200 inflammatoriam,

615 2248 746 2313 musculi
767 2248 941 2322 crassiores,
964 2246 1110 2322 duriores,
1133 2246 1309 2326 pallidiores
1331 2252 1485 2328 apparent,
1507 2247 1691 2326 periosteum
1713 2248 1916 2310 tumefactum
1928 2255 1989 2324 est,
2011 2255 2042 2310 et
2062 2248 2141 2310 inter
2160 2249 2216 2312 hoc

616 2374 774 2454 ipsumque
796 2389 831 2434 os
853 2369 955 2452 liquor
975 2368 1169 2444 rubicundus,
1189 2368 1328 2431 viscosus
1350 2367 1596 2448 deprehenditum
1616 2371 1800 2449 perioeteum
1830 2371 1917 2434 facile
1939 2369 1977 2431 ab
2000 2389 2070 2434 esse
2091 2371 2216 2444 secedite

616 2495 685 2576 ipsa
704 2512 779 2556 vero
803 2492 881 2554 oseis
903 2491 1078 2572 superficies
1100 2495 1213 2552 mutate
1234 2509 1298 2552 nun
1327 2497 1381 2554 est.
1437 2491 1552 2574 liquor
1583 2490 1636 2553 ille
1663 2493 1742 2556 inter
1769 2511 1805 2556 os
1833 2498 1865 2555 et
1893 2493 2079 2575 perioeteum
2106 2494 2214 2556 ennena

617 2617 730 2682 sensim
752 2614 906 2695 copiosior
929 2619 960 2676 et
981 2613 1103 2674 densior
1125 2613 1231 2688 evadit,
1254 2619 1285 2674 et
1305 2614 1336 2674 in
1358 2613 1519 2692 gelimam
1547 2613 1661 2684 eoloris
1691 2613 1846 2679 elbidioris
1877 2616 2055 2699 tandemque
2076 2617 2108 2678 'm
2129 2617 2215 2679 oani-

616 2740 747 2820 laginem
781 2737 855 2809 abit;
890 2753 967 2817 quae
990 2753 1058 2797 cnm
1080 2735 1251 2815 perlustro,
1288 2735 1372 2817 quod
1401 2755 1470 2798 oum
1491 2737 1635 2800 musculis
1657 2737 1794 2819 proadme
1815 2739 1921 2820 positis
1945 2741 1976 2802 iu
2005 2759 2136 2804 mesum
2167 2759 2217 2802 ae·

618 2861 754 2946 qualem,
799 2858 946 2938 solidam,
988 2877 1027 2919 ex
1067 2855 1236 2920 rubicundo
1274 2859 1403 2938 griseam
1450 2859 1514 2920 iere
1553 2859 1677 2936 coaluit,
1721 2862 1862 2924 cohaeret
1900 2862 2034 2946 quidem,
2078 2863 2148 2942 sed,
2191 2863 2216 2926 si

616 2991 704 3048 caute
732 2983 915 3068 periosteum
943 2987 1114 3066 separatur,
1152 2981 1183 3042 in
1211 2987 1313 3042 vetere
1340 3000 1410 3044 osse
1438 2982 1563 3058 residet;
1598 2983 1630 3044 in
1657 2983 1852 3048 substantiam
1881 3003 1999 3074 osseam
2022 2974 2157 3068 'primum
2179 3005 2214 3050 eo

616 3109 712 3172 latere
735 3111 945 3183 commutatur,
968 3104 1051 3186 quud
1071 3104 1167 3168 veteri
1188 3103 1251 3168 ossi
1273 3103 1433 3172 adversum
1455 3111 1513 3181 est,
1536 3111 1626 3186 atque
1649 3105 1719 3172 hinc
1740 3107 2033 3174 ossmcauouersus
2053 3109 2135 3174 latus
2163 3131 2216 3191 pe·

616 3229 721 3293 aiostei
744 3228 908 3311 aequaliter
928 3227 1073 3308 procedit,
1095 3245 1157 3308 quo
1180 3225 1282 3304 latere,
1303 3243 1394 3308 quam
1422 3226 1474 3289 diu
1496 3243 1609 3290 novum
1631 3246 1666 3291 os
1690 3230 1847 3308 accrescit,
1869 3237 1959 3294 tenue
1982 3237 2106 3294 stratum
2128 3233 2216 3294 certi·

615 3353 767 3434 lagineum
789 3351 981 3432 conspicitur.
1796 3433 1800 3441 Ι

776 3474 811 3535 ln
833 3473 983 3554 palumbis
1004 3479 1074 3538 octo
1096 3472 1146 3536 vel
1173 3473 1279 3535 decem
1306 3473 1411 3536 diebus
1444 3480 1515 3554 post
1542 3475 1651 3537 aetam
1680 3478 1884 3557 operationem
1912 3482 1985 3540 novi
2013 3479 2092 3542 ossis
2118 3481 2216 3544 inore·

616 3607 748 3663 mentum
771 3597 936 3680 pericolum
959 3603 1013 3662 est.
1058 3589 1216 3659 Crassities
1238 3595 1269 3657 in
1292 3597 1464 3659 universum
1492 3595 1586 3659 tribus
1614 3595 1663 3660 vel
1693 3605 1823 3682 quatuor
1849 3597 1984 3684 pa'rtibus
2006 3603 2107 3684 major
2127 3623 2214 3688 quam

615 3723 726 3793 veteris
748 3721 834 3798 ossis,
857 3739 955 3803 neque
977 3739 1051 3788 vero
1074 3720 1208 3803 aequalis
1229 3718 1342 3802 ubique
1362 3727 1432 3796 esta
1449 3740 1486 3784 ac
1508 3721 1669 3802 praecipue
1691 3722 1728 3786 iis
1748 3723 1841 3799 locis,
1871 3723 1981 3806 quibus
2001 3726 2132 3790 anuscrrli
2153 3729 2216 3791 tor·

616 3847 710 3910 tiores
731 3845 912 3920 inseruntur,
934 3843 1063 3926 indeque
1085 3844 1268 3924 periosteum
1290 3843 1455 3906 secumdum
1476 3850 1613 3906 naturam
1637 3845 1828 3927 arctiusssossi
1850 3846 1997 3924 adhaeret,
2019 3850 2138 3913 tenuius
2160 3867 2214 3914 no·

616 3985 689 4028 aum
712 3985 747 4026 os
771 3972 907 4044 apparet,
930 3971 959 4028 et
981 3965 1089 4045 partim
1111 3967 1167 4034 hac
1190 3986 1231 4043 re,
1253 3968 1362 4048 partim
1384 3967 1609 4048 inaequalitate,
1643 3951 1695 4048 iis',
1728 3989 1805 4054 quae
1827 3989 1865 4038 ex
1887 3970 2006 4038 ossibus
2028 3971 2215 4045 inflammatis

617 4094 829 4170 procreantur,
863 4085 949 4148 mitto
978 4085 1100 4168 quidem
1121 4107 1241 4168 semper
1261 4090 1400 4171 propria,
1433 4090 1560 4152 lumnam
1582 4091 1765 4154 nanciscitur
1785 4111 1891 4173 pamm
1914 4094 2106 4171 concianama
2138 4113 2215 4178 quaa

618 4205 813 4292 inaequalitas
835 4205 942 4292 postea
963 4205 1120 4290 paullatim
1143 4211 1302 4272 evanescit.
1347 4213 1464 4273 Interea
1485 4217 1586 4275 tumor
1606 4213 1736 4295 partium
1758 4213 1894 4279 mollium
1917 4215 2092 4296 diminutus,
2123 4227 2216 4282 mate·

618 4332 678 4397 ries
700 4331 731 4395 in
755 4331 843 4394 telam
866 4332 1043 4398 cellulosam
1065 4333 1277 4402 inflammatam
1299 4333 1461 4404 exsudatae
1483 4336 1642 4408 maximam
1674 4343 1789 4417 partem
1820 4306 2000 4421 resorptaes
2027 4339 2156 4410 musali
2177 4343 2215 4406 ad

618 4453 728 4519 statum
750 4452 908 4533 pristinum
928 4455 1042 4518 redacti
1064 4463 1142 4534 sunt,
1164 4463 1194 4519 et
1215 4457 1406 4537 perlosteuua,
1427 4459 1479 4523 vix
1501 4458 1629 4539 amplius
1650 4459 1843 4524 tumefactum
1865 4469 1896 4523 et
1923 4481 1991 4524 cum
2021 4465 2121 4528 suetis
2149 4478 2215 4528 mn·

618 4578 774 4668 oculorum
796 4567 941 4660 proxime
957 4577 1113 4642 collocatis
1135 4579 1226 4648 solito
1249 4579 1403 4670 aliquanto
1426 4583 1536 4654 arctius
1559 4579 1739 4660 cohaerens,
1768 4590 1801 4646 ut
1823 4591 2036 4680 auteuyetus,
2069 4585 2114 4654 sic
2135 4609 2215 4657 nunc

618 4703 816 4780 nonnunqum
837 4717 874 4766 os
898 4699 939 4760 ita
960 4697 1093 4777 obducit,
1115 4707 1150 4763 nt
1170 4721 1313 4766 vasorum
1335 4705 1413 4766 inter
1433 4710 1592 4786 utrumque
1613 4705 1770 4774 mauitmta
1789 4707 1956 4772 intercedat
1977 4712 2162 4792 conjunctio.

778 4823 860 4886 Dum
881 4823 938 4884 hac
960 4821 1077 4884 ratione
1099 4829 1185 4886 extus
1208 4841 1321 4888 novum
1343 4844 1379 4890 os
1403 4821 1560 4906 effingitur,
1582 4827 1661 4893 hatis
1683 4835 1791 4894 natura
1813 4831 1844 4893 id
1862 4833 1937 4928 agit·
1953 4839 2096 4926 ntpartea
2119 4855 2217 4900 emor.

620 4954 688 5012 tuas
710 4963 729 5008 a
751 4943 828 5012 vivis
849 4952 980 5026 separet
1025 4948 1095 5028 Qua
1116 4946 1194 5010 inter
1215 4967 1249 5012 se
1270 4955 1416 5030 nuncque
1438 4949 1630 5032 mutarunt,
1650 4955 1842 5036 resorpticne
1864 4975 1954 5026 ossea
1979 4957 2145 5030 mutans.
2164 4981 2219 5042 η.
