<?xml version="1.0" encoding="UTF-8"?>
<!DOCTYPE html PUBLIC "-//W3C//DTD XHTML 1.0 Transitional//EN"
    "http://www.w3.org/TR/xhtml1/DTD/xhtml1-transitional.dtd">
<html xmlns="http://www.w3.org/1999/xhtml" xml:lang="en" lang="en">
 <head>
  <title>
</title>
<meta http-equiv="Content-Type" content="text/html;charset=utf-8" />
  <meta name='ocr-system' content='tesseract 3.04.00' />
  <meta name='ocr-capabilities' content='ocr_page ocr_carea ocr_par ocr_line ocrx_word'/>
</head>
<body>
  <div class='ocr_page' id='page_1' title='image "./deinflammatione00mlgoog_0288.png"; bbox 0 0 4768 5894; ppageno 0'>
   <div class='ocr_carea' id='block_1_1' title="bbox 956 571 1034 648">
    <p class='ocr_par' dir='ltr' id='par_1_1' title="bbox 956 571 1034 648">
     <span class='ocr_line' id='line_1_1' title="bbox 956 571 1034 648; baseline -0.026 0"><span class='ocrx_word' id='word_1_1' title='bbox 956 571 1034 648; x_wconf 73' lang='lat' dir='ltr'>nrt</span> 
     </span>
    </p>
   </div>
   <div class='ocr_carea' id='block_1_2' title="bbox 184 777 1786 3340">
    <p class='ocr_par' dir='ltr' id='par_1_2' title="bbox 184 777 1786 3089">
     <span class='ocr_line' id='line_1_2' title="bbox 190 777 1786 868; baseline -0.002 -17"><span class='ocrx_word' id='word_1_2' title='bbox 190 799 309 851; x_wconf 69' lang='lat' dir='ltr'>marum</span> <span class='ocrx_word' id='word_1_3' title='bbox 330 801 485 850; x_wconf 86' lang='lat' dir='ltr'>ossearmu</span> <span class='ocrx_word' id='word_1_4' title='bbox 506 782 620 868; x_wconf 86' lang='lat' dir='ltr'>aliquid</span> <span class='ocrx_word' id='word_1_5' title='bbox 639 779 787 848; x_wconf 53' lang='lat' dir='ltr'>nubili&amp;</span> <span class='ocrx_word' id='word_1_6' title='bbox 807 779 954 864; x_wconf 73' lang='lat' dir='ltr'>prenulsti</span> <span class='ocrx_word' id='word_1_7' title='bbox 975 779 1161 864; x_wconf 86' lang='lat' dir='ltr'>perspicitur,</span> <span class='ocrx_word' id='word_1_8' title='bbox 1182 779 1343 862; x_wconf 88' lang='lat' dir='ltr'>praecipue</span> <span class='ocrx_word' id='word_1_9' title='bbox 1364 779 1396 844; x_wconf 94' lang='lat' dir='ltr'>in</span> <span class='ocrx_word' id='word_1_10' title='bbox 1416 777 1535 845; x_wconf 86' lang='lat' dir='ltr'>laminis</span> <span class='ocrx_word' id='word_1_11' title='bbox 1556 780 1713 846; x_wconf 87' lang='lat' dir='ltr'>subtilibus</span> <span class='ocrx_word' id='word_1_12' title='bbox 1735 801 1786 848; x_wconf 91' lang='lat' dir='ltr'>os-</span> 
     </span>
     <span class='ocr_line' id='line_1_3' title="bbox 191 901 1785 987; baseline 0 -15"><span class='ocrx_word' id='word_1_13' title='bbox 191 907 281 972; x_wconf 84' lang='lat' dir='ltr'>sium</span> <span class='ocrx_word' id='word_1_14' title='bbox 302 901 384 972; x_wconf 60' lang='lat' dir='ltr'>&#39;avis</span> <span class='ocrx_word' id='word_1_15' title='bbox 434 907 552 973; x_wconf 86' lang='lat' dir='ltr'>Deinde</span> <span class='ocrx_word' id='word_1_16' title='bbox 579 907 651 972; x_wconf 85' lang='lat' dir='ltr'>huic</span> <span class='ocrx_word' id='word_1_17' title='bbox 677 905 840 972; x_wconf 73' lang='lat' dir='ltr'>mentae</span> <span class='ocrx_word' id='word_1_18' title='bbox 869 905 1026 970; x_wconf 85' lang='lat' dir='ltr'>obstaculo</span> <span class='ocrx_word' id='word_1_19' title='bbox 1054 909 1114 981; x_wconf 87' lang='lat' dir='ltr'>est,</span> <span class='ocrx_word' id='word_1_20' title='bbox 1143 903 1226 987; x_wconf 85' lang='lat' dir='ltr'>quod</span> <span class='ocrx_word' id='word_1_21' title='bbox 1255 903 1400 985; x_wconf 77' lang='lat' dir='ltr'>&#39;cartilago</span> <span class='ocrx_word' id='word_1_22' title='bbox 1420 911 1555 987; x_wconf 87' lang='lat' dir='ltr'>tempore</span> <span class='ocrx_word' id='word_1_23' title='bbox 1577 906 1785 972; x_wconf 70' lang='lat' dir='ltr'>menesteus</span> 
     </span>
     <span class='ocr_line' id='line_1_4' title="bbox 191 1027 1786 1114; baseline 0 -18"><span class='ocrx_word' id='word_1_24' title='bbox 191 1029 323 1114; x_wconf 73' lang='lat' dir='ltr'>demum</span> <span class='ocrx_word' id='word_1_25' title='bbox 343 1030 501 1100; x_wconf 55' lang='lat' dir='ltr'>messiam</span> <span class='ocrx_word' id='word_1_26' title='bbox 522 1029 635 1114; x_wconf 85' lang='lat' dir='ltr'>recipit,</span> <span class='ocrx_word' id='word_1_27' title='bbox 658 1027 729 1094; x_wconf 89' lang='lat' dir='ltr'>dnm</span> <span class='ocrx_word' id='word_1_28' title='bbox 751 1029 886 1096; x_wconf 87' lang='lat' dir='ltr'>colorem</span> <span class='ocrx_word' id='word_1_29' title='bbox 908 1029 1002 1110; x_wconf 86' lang='lat' dir='ltr'>paulo</span> <span class='ocrx_word' id='word_1_30' title='bbox 1024 1027 1230 1092; x_wconf 77' lang='lat' dir='ltr'>obscuriorem</span> <span class='ocrx_word' id='word_1_31' title='bbox 1252 1027 1376 1092; x_wconf 84' lang='lat' dir='ltr'>assumit</span> <span class='ocrx_word' id='word_1_32' title='bbox 1395 1047 1453 1092; x_wconf 89' lang='lat' dir='ltr'>uec</span> <span class='ocrx_word' id='word_1_33' title='bbox 1474 1029 1572 1092; x_wconf 90' lang='lat' dir='ltr'>miuus</span> <span class='ocrx_word' id='word_1_34' title='bbox 1594 1028 1626 1092; x_wconf 92' lang='lat' dir='ltr'>in</span> <span class='ocrx_word' id='word_1_35' title='bbox 1647 1048 1734 1114; x_wconf 79' lang='lat' dir='ltr'>aqua,</span> <span class='ocrx_word' id='word_1_36' title='bbox 1755 1039 1786 1096; x_wconf 85' lang='lat' dir='ltr'>et</span> 
     </span>
     <span class='ocr_line' id='line_1_5' title="bbox 187 1151 1784 1240; baseline -0.001 -22"><span class='ocrx_word' id='word_1_37' title='bbox 187 1152 228 1218; x_wconf 85' lang='lat' dir='ltr'>in</span> <span class='ocrx_word' id='word_1_38' title='bbox 252 1153 394 1237; x_wconf 84' lang='lat' dir='ltr'>penitiori</span> <span class='ocrx_word' id='word_1_39' title='bbox 414 1153 616 1240; x_wconf 82' lang='lat' dir='ltr'>inaequalior,</span> <span class='ocrx_word' id='word_1_40' title='bbox 637 1173 726 1238; x_wconf 82' lang='lat' dir='ltr'>quam</span> <span class='ocrx_word' id='word_1_41' title='bbox 748 1173 785 1218; x_wconf 88' lang='lat' dir='ltr'>ea</span> <span class='ocrx_word' id='word_1_42' title='bbox 807 1173 884 1238; x_wconf 85' lang='lat' dir='ltr'>quae</span> <span class='ocrx_word' id='word_1_43' title='bbox 906 1152 1044 1234; x_wconf 82' lang='lat' dir='ltr'>proxime</span> <span class='ocrx_word' id='word_1_44' title='bbox 1066 1151 1183 1232; x_wconf 89' lang='lat' dir='ltr'>adjacet</span> <span class='ocrx_word' id='word_1_45' title='bbox 1204 1159 1235 1216; x_wconf 93' lang='lat' dir='ltr'>et</span> <span class='ocrx_word' id='word_1_46' title='bbox 1255 1151 1388 1216; x_wconf 90' lang='lat' dir='ltr'>nondum</span> <span class='ocrx_word' id='word_1_47' title='bbox 1410 1151 1561 1216; x_wconf 85' lang='lat' dir='ltr'>ossiticata</span> <span class='ocrx_word' id='word_1_48' title='bbox 1573 1159 1627 1230; x_wconf 84' lang='lat' dir='ltr'>est,</span> <span class='ocrx_word' id='word_1_49' title='bbox 1650 1161 1784 1235; x_wconf 78' lang='lat' dir='ltr'>apparet.</span> 
     </span>
     <span class='ocr_line' id='line_1_6' title="bbox 188 1275 1785 1362; baseline 0.001 -21"><span class='ocrx_word' id='word_1_50' title='bbox 188 1278 357 1344; x_wconf 81' lang='lat' dir='ltr'>Postremo</span> <span class='ocrx_word' id='word_1_51' title='bbox 389 1279 581 1356; x_wconf 88' lang='lat' dir='ltr'>contradicit,</span> <span class='ocrx_word' id='word_1_52' title='bbox 603 1278 685 1362; x_wconf 87' lang='lat' dir='ltr'>quod</span> <span class='ocrx_word' id='word_1_53' title='bbox 708 1277 866 1360; x_wconf 72' lang='lat' dir='ltr'>cartilago,</span> <span class='ocrx_word' id='word_1_54' title='bbox 888 1277 1002 1342; x_wconf 86' lang='lat' dir='ltr'>salibus</span> <span class='ocrx_word' id='word_1_55' title='bbox 1023 1275 1167 1340; x_wconf 77' lang='lat' dir='ltr'>culcamia</span> <span class='ocrx_word' id='word_1_56' title='bbox 1190 1276 1329 1340; x_wconf 74' lang='lat' dir='ltr'>mtrmtis</span> <span class='ocrx_word' id='word_1_57' title='bbox 1350 1295 1405 1358; x_wconf 87' lang='lat' dir='ltr'>per</span> <span class='ocrx_word' id='word_1_58' title='bbox 1427 1275 1513 1338; x_wconf 86' lang='lat' dir='ltr'>scida</span> <span class='ocrx_word' id='word_1_59' title='bbox 1533 1281 1586 1338; x_wconf 85' lang='lat' dir='ltr'>aut</span> <span class='ocrx_word' id='word_1_60' title='bbox 1606 1295 1663 1357; x_wconf 92' lang='lat' dir='ltr'>per</span> <span class='ocrx_word' id='word_1_61' title='bbox 1683 1284 1785 1342; x_wconf 87' lang='lat' dir='ltr'>osteo-</span> 
     </span>
     <span class='ocr_line' id='line_1_7' title="bbox 187 1400 1786 1484; baseline 0.001 -20"><span class='ocrx_word' id='word_1_62' title='bbox 187 1401 357 1466; x_wconf 79' lang='lat' dir='ltr'>malaciam</span> <span class='ocrx_word' id='word_1_63' title='bbox 384 1403 526 1467; x_wconf 88' lang='lat' dir='ltr'>morbosa</span> <span class='ocrx_word' id='word_1_64' title='bbox 556 1401 731 1484; x_wconf 76' lang='lat' dir='ltr'>deperditis,</span> <span class='ocrx_word' id='word_1_65' title='bbox 759 1421 828 1465; x_wconf 92' lang='lat' dir='ltr'>cum</span> <span class='ocrx_word' id='word_1_66' title='bbox 857 1401 1007 1466; x_wconf 70' lang='lat' dir='ltr'>soliditate</span> <span class='ocrx_word' id='word_1_67' title='bbox 1036 1402 1167 1483; x_wconf 85' lang='lat' dir='ltr'>perlecta</span> <span class='ocrx_word' id='word_1_68' title='bbox 1189 1401 1342 1478; x_wconf 77' lang='lat' dir='ltr'>cohaeret,</span> <span class='ocrx_word' id='word_1_69' title='bbox 1374 1400 1446 1484; x_wconf 87' lang='lat' dir='ltr'>quin</span> <span class='ocrx_word' id='word_1_70' title='bbox 1468 1400 1529 1463; x_wconf 90' lang='lat' dir='ltr'>imo</span> <span class='ocrx_word' id='word_1_71' title='bbox 1552 1405 1645 1477; x_wconf 70' lang='lat' dir='ltr'>unta,</span> <span class='ocrx_word' id='word_1_72' title='bbox 1674 1409 1786 1482; x_wconf 81' lang='lat' dir='ltr'>quauta</span> 
     </span>
     <span class='ocr_line' id='line_1_8' title="bbox 186 1521 1785 1608; baseline -0.001 -18"><span class='ocrx_word' id='word_1_73' title='bbox 186 1525 344 1608; x_wconf 76' lang='lat' dir='ltr'>cartilago</span> <span class='ocrx_word' id='word_1_74' title='bbox 365 1535 434 1590; x_wconf 87' lang='lat' dir='ltr'>aute</span> <span class='ocrx_word' id='word_1_75' title='bbox 460 1525 691 1590; x_wconf 81' lang='lat' dir='ltr'>ossiticrtionem</span> <span class='ocrx_word' id='word_1_76' title='bbox 712 1525 869 1606; x_wconf 76' lang='lat' dir='ltr'>gaudebat</span> <span class='ocrx_word' id='word_1_77' title='bbox 916 1526 1043 1608; x_wconf 90' lang='lat' dir='ltr'>Opinio,</span> <span class='ocrx_word' id='word_1_78' title='bbox 1072 1525 1320 1590; x_wconf 75' lang='lat' dir='ltr'>combinationem</span> <span class='ocrx_word' id='word_1_79' title='bbox 1342 1521 1557 1588; x_wconf 88' lang='lat' dir='ltr'>molecularum</span> <span class='ocrx_word' id='word_1_80' title='bbox 1578 1523 1785 1605; x_wconf 71' lang='lat' dir='ltr'>cartilaginea·</span> 
     </span>
     <span class='ocr_line' id='line_1_9' title="bbox 185 1647 1783 1734; baseline 0.001 -22"><span class='ocrx_word' id='word_1_81' title='bbox 185 1666 265 1712; x_wconf 89' lang='lat' dir='ltr'>rum</span> <span class='ocrx_word' id='word_1_82' title='bbox 295 1669 365 1716; x_wconf 91' lang='lat' dir='ltr'>cum</span> <span class='ocrx_word' id='word_1_83' title='bbox 393 1649 551 1714; x_wconf 88' lang='lat' dir='ltr'>moleculis</span> <span class='ocrx_word' id='word_1_84' title='bbox 579 1647 675 1714; x_wconf 84' lang='lat' dir='ltr'>calcis</span> <span class='ocrx_word' id='word_1_85' title='bbox 694 1651 913 1734; x_wconf 82' lang='lat' dir='ltr'>phosphoricae</span> <span class='ocrx_word' id='word_1_86' title='bbox 934 1652 1043 1714; x_wconf 74' lang='lat' dir='ltr'>lacum</span> <span class='ocrx_word' id='word_1_87' title='bbox 1065 1669 1147 1726; x_wconf 90' lang='lat' dir='ltr'>esse,</span> <span class='ocrx_word' id='word_1_88' title='bbox 1175 1649 1225 1712; x_wconf 86' lang='lat' dir='ltr'>bic</span> <span class='ocrx_word' id='word_1_89' title='bbox 1250 1647 1338 1710; x_wconf 86' lang='lat' dir='ltr'>iacile</span> <span class='ocrx_word' id='word_1_90' title='bbox 1368 1647 1558 1728; x_wconf 89' lang='lat' dir='ltr'>comprobari</span> <span class='ocrx_word' id='word_1_91' title='bbox 1584 1667 1648 1710; x_wconf 92' lang='lat' dir='ltr'>non</span> <span class='ocrx_word' id='word_1_92' title='bbox 1675 1656 1783 1729; x_wconf 86' lang='lat' dir='ltr'>potest.</span> 
     </span>
     <span class='ocr_line' id='line_1_10' title="bbox 184 1770 1785 1856; baseline -0.001 -17"><span class='ocrx_word' id='word_1_93' title='bbox 184 1775 356 1838; x_wconf 79' lang='lat' dir='ltr'>Praetereo</span> <span class='ocrx_word' id='word_1_94' title='bbox 376 1773 524 1856; x_wconf 87' lang='lat' dir='ltr'>principia</span> <span class='ocrx_word' id='word_1_95' title='bbox 544 1773 700 1837; x_wconf 86' lang='lat' dir='ltr'>mineralia</span> <span class='ocrx_word' id='word_1_96' title='bbox 721 1793 790 1838; x_wconf 92' lang='lat' dir='ltr'>cum</span> <span class='ocrx_word' id='word_1_97' title='bbox 803 1774 955 1856; x_wconf 66' lang='lat' dir='ltr'>organicis</span> <span class='ocrx_word' id='word_1_98' title='bbox 976 1773 1107 1838; x_wconf 86' lang='lat' dir='ltr'>chemice</span> <span class='ocrx_word' id='word_1_99' title='bbox 1129 1773 1213 1836; x_wconf 85' lang='lat' dir='ltr'>unita</span> <span class='ocrx_word' id='word_1_100' title='bbox 1233 1771 1353 1836; x_wconf 89' lang='lat' dir='ltr'>minime</span> <span class='ocrx_word' id='word_1_101' title='bbox 1375 1770 1482 1834; x_wconf 90' lang='lat' dir='ltr'>eodem</span> <span class='ocrx_word' id='word_1_102' title='bbox 1503 1770 1604 1848; x_wconf 86' lang='lat' dir='ltr'>modo,</span> <span class='ocrx_word' id='word_1_103' title='bbox 1627 1791 1688 1856; x_wconf 88' lang='lat' dir='ltr'>quo</span> <span class='ocrx_word' id='word_1_104' title='bbox 1709 1771 1785 1838; x_wconf 79' lang='lat' dir='ltr'>salia</span> 
     </span>
     <span class='ocr_line' id='line_1_11' title="bbox 188 1893 1784 1982; baseline -0.002 -20"><span class='ocrx_word' id='word_1_105' title='bbox 188 1896 338 1962; x_wconf 80' lang='lat' dir='ltr'>calcares</span> <span class='ocrx_word' id='word_1_106' title='bbox 367 1916 406 1960; x_wconf 84' lang='lat' dir='ltr'>ex</span> <span class='ocrx_word' id='word_1_107' title='bbox 430 1897 552 1963; x_wconf 85' lang='lat' dir='ltr'>ossibus</span> <span class='ocrx_word' id='word_1_108' title='bbox 580 1917 637 1982; x_wconf 89' lang='lat' dir='ltr'>per</span> <span class='ocrx_word' id='word_1_109' title='bbox 665 1898 750 1962; x_wconf 87' lang='lat' dir='ltr'>acida</span> <span class='ocrx_word' id='word_1_110' title='bbox 779 1899 894 1962; x_wconf 81' lang='lat' dir='ltr'>extrahi</span> <span class='ocrx_word' id='word_1_111' title='bbox 922 1905 1059 1980; x_wconf 82' lang='lat' dir='ltr'>possunt.</span> <span class='ocrx_word' id='word_1_112' title='bbox 1112 1896 1264 1978; x_wconf 77' lang='lat' dir='ltr'>Oartilago</span> <span class='ocrx_word' id='word_1_113' title='bbox 1293 1897 1372 1959; x_wconf 89' lang='lat' dir='ltr'>ossis</span> <span class='ocrx_word' id='word_1_114' title='bbox 1399 1894 1551 1978; x_wconf 84' lang='lat' dir='ltr'>homiuum</span> <span class='ocrx_word' id='word_1_115' title='bbox 1580 1902 1651 1977; x_wconf 89' lang='lat' dir='ltr'>post</span> <span class='ocrx_word' id='word_1_116' title='bbox 1671 1893 1784 1966; x_wconf 82' lang='lat' dir='ltr'>calcem</span> 
     </span>
     <span class='ocr_line' id='line_1_12' title="bbox 184 2017 1784 2106; baseline -0.002 -20"><span class='ocrx_word' id='word_1_117' title='bbox 184 2021 428 2106; x_wconf 83' lang='lat' dir='ltr'>phosphoricam</span> <span class='ocrx_word' id='word_1_118' title='bbox 458 2030 637 2103; x_wconf 84' lang='lat' dir='ltr'>extractam,</span> <span class='ocrx_word' id='word_1_119' title='bbox 668 2029 751 2092; x_wconf 85' lang='lat' dir='ltr'>certa</span> <span class='ocrx_word' id='word_1_120' title='bbox 777 2021 875 2086; x_wconf 68' lang='lat' dir='ltr'>mbae</span> <span class='ocrx_word' id='word_1_121' title='bbox 901 2021 1012 2103; x_wconf 75' lang='lat' dir='ltr'>gaudet</span> <span class='ocrx_word' id='word_1_122' title='bbox 1032 2029 1190 2084; x_wconf 78' lang='lat' dir='ltr'>structura</span> <span class='ocrx_word' id='word_1_123' title='bbox 1232 2019 1346 2082; x_wconf 84' lang='lat' dir='ltr'>Eadem</span> <span class='ocrx_word' id='word_1_124' title='bbox 1368 2019 1407 2082; x_wconf 89' lang='lat' dir='ltr'>ad</span> <span class='ocrx_word' id='word_1_125' title='bbox 1429 2018 1572 2104; x_wconf 85' lang='lat' dir='ltr'>quasdem</span> <span class='ocrx_word' id='word_1_126' title='bbox 1593 2017 1784 2084; x_wconf 89' lang='lat' dir='ltr'>solummodo</span> 
     </span>
     <span class='ocr_line' id='line_1_13' title="bbox 187 2141 1785 2228; baseline -0.003 -18"><span class='ocrx_word' id='word_1_127' title='bbox 187 2145 378 2210; x_wconf 83' lang='lat' dir='ltr'>directiones</span> <span class='ocrx_word' id='word_1_128' title='bbox 408 2147 441 2209; x_wconf 91' lang='lat' dir='ltr'>in</span> <span class='ocrx_word' id='word_1_129' title='bbox 469 2144 595 2210; x_wconf 87' lang='lat' dir='ltr'>laminas</span> <span class='ocrx_word' id='word_1_130' title='bbox 616 2144 707 2227; x_wconf 86' lang='lat' dir='ltr'>plene</span> <span class='ocrx_word' id='word_1_131' title='bbox 728 2145 852 2210; x_wconf 88' lang='lat' dir='ltr'>subtiles</span> <span class='ocrx_word' id='word_1_132' title='bbox 874 2145 976 2208; x_wconf 91' lang='lat' dir='ltr'>divelli</span> <span class='ocrx_word' id='word_1_133' title='bbox 998 2152 1097 2228; x_wconf 91' lang='lat' dir='ltr'>potest</span> <span class='ocrx_word' id='word_1_134' title='bbox 1119 2151 1157 2220; x_wconf 76' lang='lat' dir='ltr'>et¹</span> <span class='ocrx_word' id='word_1_135' title='bbox 1171 2165 1263 2228; x_wconf 90' lang='lat' dir='ltr'>quum</span> <span class='ocrx_word' id='word_1_136' title='bbox 1284 2142 1409 2208; x_wconf 89' lang='lat' dir='ltr'>subtiles</span> <span class='ocrx_word' id='word_1_137' title='bbox 1428 2142 1557 2206; x_wconf 86' lang='lat' dir='ltr'>laminae</span> <span class='ocrx_word' id='word_1_138' title='bbox 1579 2142 1684 2208; x_wconf 88' lang='lat' dir='ltr'>eadem</span> <span class='ocrx_word' id='word_1_139' title='bbox 1705 2141 1785 2206; x_wconf 89' lang='lat' dir='ltr'>dire·</span> 
     </span>
     <span class='ocr_line' id='line_1_14' title="bbox 188 2265 1785 2351; baseline -0.004 -17"><span class='ocrx_word' id='word_1_140' title='bbox 188 2271 300 2334; x_wconf 88' lang='lat' dir='ltr'>ctione</span> <span class='ocrx_word' id='word_1_141' title='bbox 329 2267 560 2350; x_wconf 86' lang='lat' dir='ltr'>abrumpuntur,</span> <span class='ocrx_word' id='word_1_142' title='bbox 596 2269 688 2332; x_wconf 84' lang='lat' dir='ltr'>libres</span> <span class='ocrx_word' id='word_1_143' title='bbox 715 2271 839 2346; x_wconf 78' lang='lat' dir='ltr'>format,</span> <span class='ocrx_word' id='word_1_144' title='bbox 872 2277 903 2331; x_wconf 91' lang='lat' dir='ltr'>et</span> <span class='ocrx_word' id='word_1_145' title='bbox 930 2276 1083 2351; x_wconf 89' lang='lat' dir='ltr'>postremo</span> <span class='ocrx_word' id='word_1_146' title='bbox 1111 2269 1142 2330; x_wconf 94' lang='lat' dir='ltr'>in</span> <span class='ocrx_word' id='word_1_147' title='bbox 1172 2267 1276 2332; x_wconf 89' lang='lat' dir='ltr'>iisdem</span> <span class='ocrx_word' id='word_1_148' title='bbox 1305 2265 1423 2330; x_wconf 82' lang='lat' dir='ltr'>leminis</span> <span class='ocrx_word' id='word_1_149' title='bbox 1458 2265 1600 2347; x_wconf 88' lang='lat' dir='ltr'>disruptis</span> <span class='ocrx_word' id='word_1_150' title='bbox 1635 2272 1785 2329; x_wconf 73' lang='lat' dir='ltr'>sunctnra</span> 
     </span>
     <span class='ocr_line' id='line_1_15' title="bbox 188 2389 1783 2475; baseline -0.002 -18"><span class='ocrx_word' id='word_1_151' title='bbox 188 2394 326 2458; x_wconf 86' lang='lat' dir='ltr'>librosa·</span> <span class='ocrx_word' id='word_1_152' title='bbox 345 2393 465 2474; x_wconf 75' lang='lat' dir='ltr'>gaudet.</span> <span class='ocrx_word' id='word_1_153' title='bbox 515 2393 690 2458; x_wconf 76' lang='lat' dir='ltr'>structurae</span> <span class='ocrx_word' id='word_1_154' title='bbox 719 2392 849 2456; x_wconf 83' lang='lat' dir='ltr'>fibrosae</span> <span class='ocrx_word' id='word_1_155' title='bbox 878 2392 1034 2474; x_wconf 75' lang='lat' dir='ltr'>vestigium</span> <span class='ocrx_word' id='word_1_156' title='bbox 1063 2391 1211 2455; x_wconf 88' lang='lat' dir='ltr'>interdum</span> <span class='ocrx_word' id='word_1_157' title='bbox 1241 2410 1361 2475; x_wconf 86' lang='lat' dir='ltr'>qnoque</span> <span class='ocrx_word' id='word_1_158' title='bbox 1393 2389 1576 2472; x_wconf 85' lang='lat' dir='ltr'>conspicitur</span> <span class='ocrx_word' id='word_1_159' title='bbox 1605 2389 1637 2452; x_wconf 87' lang='lat' dir='ltr'>iu</span> <span class='ocrx_word' id='word_1_160' title='bbox 1665 2389 1783 2454; x_wconf 84' lang='lat' dir='ltr'>leminis</span> 
     </span>
     <span class='ocr_line' id='line_1_16' title="bbox 189 2513 1784 2601; baseline -0.004 -18"><span class='ocrx_word' id='word_1_161' title='bbox 189 2517 294 2583; x_wconf 87' lang='lat' dir='ltr'>osseis</span> <span class='ocrx_word' id='word_1_162' title='bbox 321 2517 509 2594; x_wconf 77' lang='lat' dir='ltr'>madefactis,</span> <span class='ocrx_word' id='word_1_163' title='bbox 536 2537 663 2601; x_wconf 87' lang='lat' dir='ltr'>quarum</span> <span class='ocrx_word' id='word_1_164' title='bbox 690 2517 835 2600; x_wconf 70' lang='lat' dir='ltr'>cartilago</span> <span class='ocrx_word' id='word_1_165' title='bbox 862 2537 921 2600; x_wconf 88' lang='lat' dir='ltr'>ope</span> <span class='ocrx_word' id='word_1_166' title='bbox 943 2524 1083 2599; x_wconf 86' lang='lat' dir='ltr'>potassae</span> <span class='ocrx_word' id='word_1_167' title='bbox 1105 2517 1264 2578; x_wconf 87' lang='lat' dir='ltr'>maximam</span> <span class='ocrx_word' id='word_1_168' title='bbox 1286 2522 1401 2596; x_wconf 86' lang='lat' dir='ltr'>partem</span> <span class='ocrx_word' id='word_1_169' title='bbox 1431 2521 1563 2578; x_wconf 85' lang='lat' dir='ltr'>extracta</span> <span class='ocrx_word' id='word_1_170' title='bbox 1596 2520 1672 2592; x_wconf 88' lang='lat' dir='ltr'>erat,</span> <span class='ocrx_word' id='word_1_171' title='bbox 1702 2520 1731 2578; x_wconf 89' lang='lat' dir='ltr'>et</span> <span class='ocrx_word' id='word_1_172' title='bbox 1753 2513 1784 2576; x_wconf 89' lang='lat' dir='ltr'>in</span> 
     </span>
     <span class='ocr_line' id='line_1_17' title="bbox 186 2636 1784 2723; baseline -0.004 -17"><span class='ocrx_word' id='word_1_173' title='bbox 186 2641 314 2706; x_wconf 87' lang='lat' dir='ltr'>laminis</span> <span class='ocrx_word' id='word_1_174' title='bbox 335 2641 449 2706; x_wconf 89' lang='lat' dir='ltr'>ossium</span> <span class='ocrx_word' id='word_1_175' title='bbox 470 2641 569 2722; x_wconf 90' lang='lat' dir='ltr'>piscis,</span> <span class='ocrx_word' id='word_1_176' title='bbox 592 2659 669 2723; x_wconf 86' lang='lat' dir='ltr'>quae</span> <span class='ocrx_word' id='word_1_177' title='bbox 690 2641 732 2704; x_wconf 87' lang='lat' dir='ltr'>ita</span> <span class='ocrx_word' id='word_1_178' title='bbox 753 2647 895 2703; x_wconf 80' lang='lat' dir='ltr'>tractatae</span> <span class='ocrx_word' id='word_1_179' title='bbox 916 2647 1009 2716; x_wconf 84' lang='lat' dir='ltr'>eraut,</span> <span class='ocrx_word' id='word_1_180' title='bbox 1031 2641 1102 2702; x_wconf 85' lang='lat' dir='ltr'>satis</span> <span class='ocrx_word' id='word_1_181' title='bbox 1125 2639 1206 2700; x_wconf 90' lang='lat' dir='ltr'>clare</span> <span class='ocrx_word' id='word_1_182' title='bbox 1228 2637 1386 2702; x_wconf 86' lang='lat' dir='ltr'>observavi</span> <span class='ocrx_word' id='word_1_183' title='bbox 1408 2637 1549 2714; x_wconf 88' lang='lat' dir='ltr'>subtiles,</span> <span class='ocrx_word' id='word_1_184' title='bbox 1570 2637 1601 2702; x_wconf 87' lang='lat' dir='ltr'>iu</span> <span class='ocrx_word' id='word_1_185' title='bbox 1624 2645 1716 2702; x_wconf 73' lang='lat' dir='ltr'>sueta</span> <span class='ocrx_word' id='word_1_186' title='bbox 1739 2636 1784 2699; x_wconf 94' lang='lat' dir='ltr'>di-</span> 
     </span>
     <span class='ocr_line' id='line_1_18' title="bbox 187 2759 1782 2862; baseline -0.004 -34"><span class='ocrx_word' id='word_1_187' title='bbox 187 2783 285 2828; x_wconf 86' lang='lat' dir='ltr'>versa</span> <span class='ocrx_word' id='word_1_188' title='bbox 312 2763 514 2846; x_wconf 85' lang='lat' dir='ltr'>diversimodo</span> <span class='ocrx_word' id='word_1_189' title='bbox 542 2763 747 2862; x_wconf 78' lang='lat' dir='ltr'>decurrentes,</span> <span class='ocrx_word' id='word_1_190' title='bbox 776 2762 893 2824; x_wconf 89' lang='lat' dir='ltr'>lucidas</span> <span class='ocrx_word' id='word_1_191' title='bbox 919 2761 1010 2824; x_wconf 83' lang='lat' dir='ltr'>fibras</span> <span class='ocrx_word' id='word_1_192' title='bbox 1039 2780 1102 2825; x_wconf 92' lang='lat' dir='ltr'>non</span> <span class='ocrx_word' id='word_1_193' title='bbox 1130 2761 1220 2843; x_wconf 83' lang='lat' dir='ltr'>plane</span> <span class='ocrx_word' id='word_1_194' title='bbox 1250 2767 1333 2822; x_wconf 88' lang='lat' dir='ltr'>recto</span> <span class='ocrx_word' id='word_1_195' title='bbox 1361 2759 1500 2822; x_wconf 80' lang='lat' dir='ltr'>decursu</span> <span class='ocrx_word' id='word_1_196' title='bbox 1552 2765 1653 2841; x_wconf 81' lang='lat' dir='ltr'>Quum</span> <span class='ocrx_word' id='word_1_197' title='bbox 1674 2760 1727 2822; x_wconf 88' lang='lat' dir='ltr'>lun</span> <span class='ocrx_word' id='word_1_198' title='bbox 1750 2762 1782 2822; x_wconf 91' lang='lat' dir='ltr'>in</span> 
     </span>
     <span class='ocr_line' id='line_1_19' title="bbox 186 2883 1781 2970; baseline -0.005 -18"><span class='ocrx_word' id='word_1_199' title='bbox 186 2889 301 2968; x_wconf 65' lang='lat' dir='ltr'>moces,</span> <span class='ocrx_word' id='word_1_200' title='bbox 324 2886 407 2950; x_wconf 85' lang='lat' dir='ltr'>albas</span> <span class='ocrx_word' id='word_1_201' title='bbox 429 2886 556 2949; x_wconf 86' lang='lat' dir='ltr'>laminas</span> <span class='ocrx_word' id='word_1_202' title='bbox 578 2905 690 2964; x_wconf 83' lang='lat' dir='ltr'>osseas,</span> <span class='ocrx_word' id='word_1_203' title='bbox 712 2905 839 2970; x_wconf 88' lang='lat' dir='ltr'>querum</span> <span class='ocrx_word' id='word_1_204' title='bbox 861 2885 1005 2966; x_wconf 76' lang='lat' dir='ltr'>cartilago</span> <span class='ocrx_word' id='word_1_205' title='bbox 1027 2884 1185 2946; x_wconf 77' lang='lat' dir='ltr'>maximam</span> <span class='ocrx_word' id='word_1_206' title='bbox 1207 2889 1322 2966; x_wconf 86' lang='lat' dir='ltr'>partem</span> <span class='ocrx_word' id='word_1_207' title='bbox 1344 2888 1477 2946; x_wconf 87' lang='lat' dir='ltr'>extracta</span> <span class='ocrx_word' id='word_1_208' title='bbox 1498 2889 1552 2960; x_wconf 85' lang='lat' dir='ltr'>est,</span> <span class='ocrx_word' id='word_1_209' title='bbox 1574 2884 1714 2946; x_wconf 89' lang='lat' dir='ltr'>deorsum</span> <span class='ocrx_word' id='word_1_210' title='bbox 1736 2883 1781 2944; x_wconf 91' lang='lat' dir='ltr'>in·</span> 
     </span>
     <span class='ocr_line' id='line_1_20' title="bbox 187 3006 1588 3089; baseline -0.006 -13"><span class='ocrx_word' id='word_1_211' title='bbox 187 3011 273 3089; x_wconf 89' lang='lat' dir='ltr'>cidit,</span> <span class='ocrx_word' id='word_1_212' title='bbox 295 3010 348 3076; x_wconf 87' lang='lat' dir='ltr'>illa</span> <span class='ocrx_word' id='word_1_213' title='bbox 370 3009 500 3086; x_wconf 70' lang='lat' dir='ltr'>mamria,</span> <span class='ocrx_word' id='word_1_214' title='bbox 522 3009 657 3073; x_wconf 89' lang='lat' dir='ltr'>colorem</span> <span class='ocrx_word' id='word_1_215' title='bbox 680 3017 779 3073; x_wconf 84' lang='lat' dir='ltr'>cretae</span> <span class='ocrx_word' id='word_1_216' title='bbox 802 3009 890 3072; x_wconf 83' lang='lat' dir='ltr'>albae</span> <span class='ocrx_word' id='word_1_217' title='bbox 913 3009 1054 3072; x_wconf 84' lang='lat' dir='ltr'>exbibens</span> <span class='ocrx_word' id='word_1_218' title='bbox 1076 3007 1224 3072; x_wconf 82' lang='lat' dir='ltr'>subtiliter</span> <span class='ocrx_word' id='word_1_219' title='bbox 1243 3006 1336 3071; x_wconf 93' lang='lat' dir='ltr'>modo</span> <span class='ocrx_word' id='word_1_220' title='bbox 1357 3006 1514 3088; x_wconf 78' lang='lat' dir='ltr'>granulata</span> <span class='ocrx_word' id='word_1_221' title='bbox 1534 3014 1588 3070; x_wconf 90' lang='lat' dir='ltr'>est.</span> 
     </span>
    </p>

    <p class='ocr_par' dir='ltr' id='par_1_3' title="bbox 187 3130 1781 3340">
     <span class='ocr_line' id='line_1_21' title="bbox 355 3130 1779 3218; baseline -0.003 -22"><span class='ocrx_word' id='word_1_222' title='bbox 355 3137 435 3198; x_wconf 88' lang='lat' dir='ltr'>Ossa</span> <span class='ocrx_word' id='word_1_223' title='bbox 462 3133 650 3212; x_wconf 84' lang='lat' dir='ltr'>animalium,</span> <span class='ocrx_word' id='word_1_224' title='bbox 678 3135 784 3218; x_wconf 88' lang='lat' dir='ltr'>quibus</span> <span class='ocrx_word' id='word_1_225' title='bbox 806 3133 904 3198; x_wconf 81' lang='lat' dir='ltr'>Rubia</span> <span class='ocrx_word' id='word_1_226' title='bbox 925 3134 1085 3196; x_wconf 87' lang='lat' dir='ltr'>tinctorum</span> <span class='ocrx_word' id='word_1_227' title='bbox 1108 3131 1219 3214; x_wconf 90' lang='lat' dir='ltr'>pabulo</span> <span class='ocrx_word' id='word_1_228' title='bbox 1243 3139 1383 3213; x_wconf 85' lang='lat' dir='ltr'>porrecta</span> <span class='ocrx_word' id='word_1_229' title='bbox 1404 3137 1485 3209; x_wconf 88' lang='lat' dir='ltr'>erat,</span> <span class='ocrx_word' id='word_1_230' title='bbox 1516 3130 1587 3196; x_wconf 88' lang='lat' dir='ltr'>nibil</span> <span class='ocrx_word' id='word_1_231' title='bbox 1610 3130 1684 3194; x_wconf 86' lang='lat' dir='ltr'>certi</span> <span class='ocrx_word' id='word_1_232' title='bbox 1706 3147 1779 3194; x_wconf 90' lang='lat' dir='ltr'>con-</span> 
     </span>
     <span class='ocr_line' id='line_1_22' title="bbox 187 3254 1781 3340; baseline -0.006 -16"><span class='ocrx_word' id='word_1_233' title='bbox 187 3259 317 3324; x_wconf 86' lang='lat' dir='ltr'>cludere</span> <span class='ocrx_word' id='word_1_234' title='bbox 337 3257 447 3322; x_wconf 88' lang='lat' dir='ltr'>sinnnt.</span> <span class='ocrx_word' id='word_1_235' title='bbox 491 3258 563 3321; x_wconf 90' lang='lat' dir='ltr'>Non</span> <span class='ocrx_word' id='word_1_236' title='bbox 585 3259 683 3321; x_wconf 89' lang='lat' dir='ltr'>minus</span> <span class='ocrx_word' id='word_1_237' title='bbox 706 3259 784 3320; x_wconf 89' lang='lat' dir='ltr'>enim</span> <span class='ocrx_word' id='word_1_238' title='bbox 799 3257 1114 3338; x_wconf 86' lang='lat' dir='ltr'>corpuscnlaossium,</span> <span class='ocrx_word' id='word_1_239' title='bbox 1136 3276 1225 3340; x_wconf 86' lang='lat' dir='ltr'>quam</span> <span class='ocrx_word' id='word_1_240' title='bbox 1238 3275 1309 3336; x_wconf 85' lang='lat' dir='ltr'>pars</span> <span class='ocrx_word' id='word_1_241' title='bbox 1321 3254 1433 3318; x_wconf 90' lang='lat' dir='ltr'>ossium</span> <span class='ocrx_word' id='word_1_242' title='bbox 1455 3254 1605 3335; x_wconf 74' lang='lat' dir='ltr'>pellucido</span> <span class='ocrx_word' id='word_1_243' title='bbox 1627 3263 1689 3316; x_wconf 92' lang='lat' dir='ltr'>tum</span> <span class='ocrx_word' id='word_1_244' title='bbox 1711 3255 1781 3318; x_wconf 86' lang='lat' dir='ltr'>sub·-</span> 
     </span>
    </p>
   </div>
   <div class='ocr_carea' id='block_1_3' title="bbox 188 3345 1781 3462">
    <p class='ocr_par' dir='ltr' id='par_1_4' title="bbox 188 3345 1781 3462">
     <span class='ocr_line' id='line_1_23' title="bbox 188 3345 1781 3462; baseline -0.003 -17"><span class='ocrx_word' id='word_1_245' title='bbox 188 3383 286 3446; x_wconf 87' lang='lat' dir='ltr'>rnbra</span> <span class='ocrx_word' id='word_1_246' title='bbox 313 3401 380 3445; x_wconf 90' lang='lat' dir='ltr'>seso</span> <span class='ocrx_word' id='word_1_247' title='bbox 410 3381 499 3445; x_wconf 89' lang='lat' dir='ltr'>nobis</span> <span class='ocrx_word' id='word_1_248' title='bbox 528 3381 660 3445; x_wconf 79' lang='lat' dir='ltr'>oderunt</span> <span class='ocrx_word' id='word_1_249' title='bbox 688 3381 770 3457; x_wconf 88' lang='lat' dir='ltr'>(luce</span> <span class='ocrx_word' id='word_1_250' title='bbox 800 3381 948 3444; x_wconf 87' lang='lat' dir='ltr'>incidente</span> <span class='ocrx_word' id='word_1_251' title='bbox 978 3383 1072 3462; x_wconf 76' lang='lat' dir='ltr'>magis</span> <span class='ocrx_word' id='word_1_252' title='bbox 1088 3345 1167 3460; x_wconf 74' lang='lat' dir='ltr'>¹illa,</span> <span class='ocrx_word' id='word_1_253' title='bbox 1195 3379 1264 3442; x_wconf 90' lang='lat' dir='ltr'>luce</span> <span class='ocrx_word' id='word_1_254' title='bbox 1285 3378 1486 3442; x_wconf 88' lang='lat' dir='ltr'>translucente</span> <span class='ocrx_word' id='word_1_255' title='bbox 1509 3377 1602 3458; x_wconf 76' lang='lat' dir='ltr'>onogia</span> <span class='ocrx_word' id='word_1_256' title='bbox 1624 3379 1729 3455; x_wconf 86' lang='lat' dir='ltr'>baec),</span> <span class='ocrx_word' id='word_1_257' title='bbox 1751 3387 1781 3447; x_wconf 86' lang='lat' dir='ltr'>et</span> 
     </span>
    </p>
   </div>
   <div class='ocr_carea' id='block_1_4' title="bbox 187 3501 1882 3588">
    <p class='ocr_par' dir='ltr' id='par_1_5' title="bbox 187 3501 1882 3588">
     <span class='ocr_line' id='line_1_24' title="bbox 187 3501 1882 3588; baseline -0.002 -18"><span class='ocrx_word' id='word_1_258' title='bbox 187 3507 288 3570; x_wconf 89' lang='lat' dir='ltr'>rubor</span> <span class='ocrx_word' id='word_1_259' title='bbox 315 3505 357 3568; x_wconf 85' lang='lat' dir='ltr'>ita</span> <span class='ocrx_word' id='word_1_260' title='bbox 385 3505 473 3568; x_wconf 86' lang='lat' dir='ltr'>axilis</span> <span class='ocrx_word' id='word_1_261' title='bbox 495 3513 552 3583; x_wconf 89' lang='lat' dir='ltr'>est,</span> <span class='ocrx_word' id='word_1_262' title='bbox 582 3513 616 3569; x_wconf 91' lang='lat' dir='ltr'>ut</span> <span class='ocrx_word' id='word_1_263' title='bbox 636 3523 730 3588; x_wconf 83' lang='lat' dir='ltr'>parva</span> <span class='ocrx_word' id='word_1_264' title='bbox 751 3505 851 3569; x_wconf 90' lang='lat' dir='ltr'>solum</span> <span class='ocrx_word' id='word_1_265' title='bbox 873 3505 1064 3588; x_wconf 79' lang='lat' dir='ltr'>amplificabo</span> <span class='ocrx_word' id='word_1_266' title='bbox 1087 3505 1118 3568; x_wconf 91' lang='lat' dir='ltr'>iu</span> <span class='ocrx_word' id='word_1_267' title='bbox 1140 3525 1228 3569; x_wconf 85' lang='lat' dir='ltr'>usum</span> <span class='ocrx_word' id='word_1_268' title='bbox 1248 3503 1352 3568; x_wconf 87' lang='lat' dir='ltr'>vocari</span> <span class='ocrx_word' id='word_1_269' title='bbox 1373 3503 1485 3585; x_wconf 82' lang='lat' dir='ltr'>possit,</span> <span class='ocrx_word' id='word_1_270' title='bbox 1516 3501 1554 3566; x_wconf 87' lang='lat' dir='ltr'>ad</span> <span class='ocrx_word' id='word_1_271' title='bbox 1576 3502 1703 3572; x_wconf 86' lang='lat' dir='ltr'>cundem</span> <span class='ocrx_word' id='word_1_272' title='bbox 1727 3501 1780 3567; x_wconf 85' lang='lat' dir='ltr'>ad·</span> <span class='ocrx_word' id='word_1_273' title='bbox 1874 3541 1882 3558; x_wconf 87' lang='lat'><strong>·</strong></span> 
     </span>
    </p>
   </div>
   <div class='ocr_carea' id='block_1_5' title="bbox 128 3617 1779 4954">
    <p class='ocr_par' dir='ltr' id='par_1_6' title="bbox 187 3617 1391 3712">
     <span class='ocr_line' id='line_1_25' title="bbox 187 3617 1391 3712; baseline -0.003 -18"><span class='ocrx_word' id='word_1_274' title='bbox 187 3633 251 3694; x_wconf 89' lang='lat' dir='ltr'>huc</span> <span class='ocrx_word' id='word_1_275' title='bbox 273 3617 522 3712; x_wconf 81' lang='lat' dir='ltr'>perspiciendum,</span> <span class='ocrx_word' id='word_1_276' title='bbox 545 3630 585 3691; x_wconf 85' lang='lat' dir='ltr'>ita</span> <span class='ocrx_word' id='word_1_277' title='bbox 607 3636 640 3692; x_wconf 93' lang='lat' dir='ltr'>nt</span> <span class='ocrx_word' id='word_1_278' title='bbox 661 3629 800 3694; x_wconf 86' lang='lat' dir='ltr'>subtilius</span> <span class='ocrx_word' id='word_1_279' title='bbox 823 3629 1023 3696; x_wconf 87' lang='lat' dir='ltr'>babitaculum</span> <span class='ocrx_word' id='word_1_280' title='bbox 1044 3629 1179 3710; x_wconf 78' lang='lat' dir='ltr'>indagari</span> <span class='ocrx_word' id='word_1_281' title='bbox 1200 3649 1262 3702; x_wconf 82' lang='lat' dir='ltr'>non</span> <span class='ocrx_word' id='word_1_282' title='bbox 1285 3627 1391 3710; x_wconf 87' lang='lat' dir='ltr'>possit.</span> 
     </span>
    </p>

    <p class='ocr_par' dir='ltr' id='par_1_7' title="bbox 128 3749 1779 4954">
     <span class='ocr_line' id='line_1_26' title="bbox 352 3749 1778 3836; baseline -0.003 -20"><span class='ocrx_word' id='word_1_283' title='bbox 352 3753 513 3834; x_wconf 82' lang='lat' dir='ltr'>Quaeritur</span> <span class='ocrx_word' id='word_1_284' title='bbox 535 3755 672 3831; x_wconf 85' lang='lat' dir='ltr'>tandem,</span> <span class='ocrx_word' id='word_1_285' title='bbox 693 3773 765 3816; x_wconf 91' lang='lat' dir='ltr'>num</span> <span class='ocrx_word' id='word_1_286' title='bbox 787 3755 968 3836; x_wconf 88' lang='lat' dir='ltr'>corpuscula</span> <span class='ocrx_word' id='word_1_287' title='bbox 995 3753 1108 3817; x_wconf 91' lang='lat' dir='ltr'>ossium</span> <span class='ocrx_word' id='word_1_288' title='bbox 1137 3759 1167 3815; x_wconf 91' lang='lat' dir='ltr'>et</span> <span class='ocrx_word' id='word_1_289' title='bbox 1196 3751 1316 3814; x_wconf 67' lang='lat' dir='ltr'>caudes</span> <span class='ocrx_word' id='word_1_290' title='bbox 1344 3767 1449 3812; x_wconf 90' lang='lat' dir='ltr'>corum</span> <span class='ocrx_word' id='word_1_291' title='bbox 1477 3751 1579 3812; x_wconf 82' lang='lat' dir='ltr'>forsan</span> <span class='ocrx_word' id='word_1_292' title='bbox 1608 3749 1778 3830; x_wconf 89' lang='lat' dir='ltr'>deponendi</span> 
     </span>
     <span class='ocr_line' id='line_1_27' title="bbox 189 3873 1778 3956; baseline -0.006 -12"><span class='ocrx_word' id='word_1_293' title='bbox 189 3887 322 3944; x_wconf 81' lang='lat' dir='ltr'>terream</span> <span class='ocrx_word' id='word_1_294' title='bbox 338 3877 491 3939; x_wconf 85' lang='lat' dir='ltr'>materiam</span> <span class='ocrx_word' id='word_1_295' title='bbox 506 3877 714 3940; x_wconf 85' lang='lat' dir='ltr'>insubstantia</span> <span class='ocrx_word' id='word_1_296' title='bbox 728 3876 1039 3942; x_wconf 87' lang='lat' dir='ltr'>interstitialimunera</span> <span class='ocrx_word' id='word_1_297' title='bbox 1062 3876 1241 3956; x_wconf 77' lang='lat' dir='ltr'>iungantur?</span> <span class='ocrx_word' id='word_1_298' title='bbox 1263 3873 1351 3935; x_wconf 82' lang='lat' dir='ltr'>Anne</span> <span class='ocrx_word' id='word_1_299' title='bbox 1371 3873 1446 3936; x_wconf 87' lang='lat' dir='ltr'>baec</span> <span class='ocrx_word' id='word_1_300' title='bbox 1468 3891 1581 3951; x_wconf 63' lang='lat' dir='ltr'>organa</span> <span class='ocrx_word' id='word_1_301' title='bbox 1602 3873 1704 3936; x_wconf 80' lang='lat' dir='ltr'>forsan</span> <span class='ocrx_word' id='word_1_302' title='bbox 1726 3891 1778 3936; x_wconf 88' lang='lat' dir='ltr'>ca·</span> 
     </span>
     <span class='ocr_line' id='line_1_28' title="bbox 187 3994 1779 4118; baseline -0.004 -52"><span class='ocrx_word' id='word_1_303' title='bbox 187 4003 311 4066; x_wconf 87' lang='lat' dir='ltr'>vitatem</span> <span class='ocrx_word' id='word_1_304' title='bbox 344 4001 515 4070; x_wconf 89' lang='lat' dir='ltr'>contineant</span> <span class='ocrx_word' id='word_1_305' title='bbox 546 4001 594 4063; x_wconf 91' lang='lat' dir='ltr'>vel</span> <span class='ocrx_word' id='word_1_306' title='bbox 627 4000 712 4064; x_wconf 89' lang='lat' dir='ltr'>initio</span> <span class='ocrx_word' id='word_1_307' title='bbox 745 4001 794 4063; x_wconf 89' lang='lat' dir='ltr'>vel</span> <span class='ocrx_word' id='word_1_308' title='bbox 826 4019 945 4081; x_wconf 86' lang='lat' dir='ltr'>semper</span> <span class='ocrx_word' id='word_1_309' title='bbox 982 3999 1203 4118; x_wconf 52' lang='lat' dir='ltr'>vomentem?</span> <span class='ocrx_word' id='word_1_310' title='bbox 1247 3999 1334 4060; x_wconf 78' lang='lat' dir='ltr'>Anne</span> <span class='ocrx_word' id='word_1_311' title='bbox 1368 3995 1454 4058; x_wconf 91' lang='lat' dir='ltr'>color</span> <span class='ocrx_word' id='word_1_312' title='bbox 1486 3994 1608 4060; x_wconf 88' lang='lat' dir='ltr'>illorum</span> <span class='ocrx_word' id='word_1_313' title='bbox 1640 3995 1726 4063; x_wconf 87' lang='lat' dir='ltr'>albus</span> <span class='ocrx_word' id='word_1_314' title='bbox 1760 4016 1779 4059; x_wconf 90' lang='lat' dir='ltr'>a</span> 
     </span>
     <span class='ocr_line' id='line_1_29' title="bbox 188 4119 1778 4218; baseline -0.003 -28"><span class='ocrx_word' id='word_1_315' title='bbox 188 4124 333 4190; x_wconf 87' lang='lat' dir='ltr'>materiae</span> <span class='ocrx_word' id='word_1_316' title='bbox 367 4125 520 4188; x_wconf 77' lang='lat' dir='ltr'>calcareas</span> <span class='ocrx_word' id='word_1_317' title='bbox 547 4125 577 4186; x_wconf 93' lang='lat' dir='ltr'>in</span> <span class='ocrx_word' id='word_1_318' title='bbox 611 4125 747 4207; x_wconf 87' lang='lat' dir='ltr'>ipsorum</span> <span class='ocrx_word' id='word_1_319' title='bbox 780 4121 861 4188; x_wconf 83' lang='lat' dir='ltr'>cavis</span> <span class='ocrx_word' id='word_1_320' title='bbox 901 4123 1088 4206; x_wconf 87' lang='lat' dir='ltr'>depositione</span> <span class='ocrx_word' id='word_1_321' title='bbox 1121 4145 1160 4186; x_wconf 90' lang='lat' dir='ltr'>au</span> <span class='ocrx_word' id='word_1_322' title='bbox 1195 4123 1232 4185; x_wconf 90' lang='lat' dir='ltr'>ab</span> <span class='ocrx_word' id='word_1_323' title='bbox 1258 4119 1478 4198; x_wconf 49' lang='lat' dir='ltr'>‚inor-nstatioue</span> <span class='ocrx_word' id='word_1_324' title='bbox 1513 4119 1664 4218; x_wconf 52' lang='lat' dir='ltr'>parietum·</span> <span class='ocrx_word' id='word_1_325' title='bbox 1685 4142 1724 4184; x_wconf 90' lang='lat' dir='ltr'>an</span> <span class='ocrx_word' id='word_1_326' title='bbox 1759 4141 1778 4186; x_wconf 84' lang='lat' dir='ltr'>a</span> 
     </span>
     <span class='ocr_line' id='line_1_30' title="bbox 189 4244 1778 4330; baseline -0.004 -16"><span class='ocrx_word' id='word_1_327' title='bbox 189 4247 324 4314; x_wconf 84' lang='lat' dir='ltr'>clreruica</span> <span class='ocrx_word' id='word_1_328' title='bbox 357 4267 424 4310; x_wconf 84' lang='lat' dir='ltr'>cunr</span> <span class='ocrx_word' id='word_1_329' title='bbox 456 4249 620 4314; x_wconf 89' lang='lat' dir='ltr'>substantia</span> <span class='ocrx_word' id='word_1_330' title='bbox 653 4247 773 4312; x_wconf 85' lang='lat' dir='ltr'>animali</span> <span class='ocrx_word' id='word_1_331' title='bbox 805 4249 951 4330; x_wconf 85' lang='lat' dir='ltr'>parietum</span> <span class='ocrx_word' id='word_1_332' title='bbox 984 4249 1198 4328; x_wconf 89' lang='lat' dir='ltr'>conjunctione</span> <span class='ocrx_word' id='word_1_333' title='bbox 1225 4245 1412 4327; x_wconf 83' lang='lat' dir='ltr'>dependeat?</span> <span class='ocrx_word' id='word_1_334' title='bbox 1456 4244 1620 4324; x_wconf 81' lang='lat' dir='ltr'>Quaeritur</span> <span class='ocrx_word' id='word_1_335' title='bbox 1651 4265 1689 4308; x_wconf 87' lang='lat' dir='ltr'>ao</span> <span class='ocrx_word' id='word_1_336' title='bbox 1718 4253 1778 4308; x_wconf 86' lang='lat' dir='ltr'>ter-</span> 
     </span>
     <span class='ocr_line' id='line_1_31' title="bbox 128 4359 1777 4468; baseline -0.002 -30"><span class='ocrx_word' id='word_1_337' title='bbox 128 4405 131 4412; x_wconf 90' lang='lat'>·</span> <span class='ocrx_word' id='word_1_338' title='bbox 190 4393 262 4438; x_wconf 84' lang='lat' dir='ltr'>rese</span> <span class='ocrx_word' id='word_1_339' title='bbox 284 4369 424 4434; x_wconf 80' lang='lat' dir='ltr'>materiam</span> <span class='ocrx_word' id='word_1_340' title='bbox 454 4380 589 4468; x_wconf 82' lang='lat' dir='ltr'>tempore</span> <span class='ocrx_word' id='word_1_341' title='bbox 620 4372 846 4450; x_wconf 85' lang='lat' dir='ltr'>ossiticationis,</span> <span class='ocrx_word' id='word_1_342' title='bbox 879 4373 996 4436; x_wconf 84' lang='lat' dir='ltr'>solutae</span> <span class='ocrx_word' id='word_1_343' title='bbox 1029 4373 1067 4434; x_wconf 91' lang='lat' dir='ltr'>ab</span> <span class='ocrx_word' id='word_1_344' title='bbox 1099 4372 1181 4435; x_wconf 86' lang='lat' dir='ltr'>bisce</span> <span class='ocrx_word' id='word_1_345' title='bbox 1213 4370 1336 4452; x_wconf 72' lang='lat' dir='ltr'>organis</span> <span class='ocrx_word' id='word_1_346' title='bbox 1369 4366 1454 4453; x_wconf 86' lang='lat' dir='ltr'>qnasi</span> <span class='ocrx_word' id='word_1_347' title='bbox 1487 4375 1669 4448; x_wconf 85' lang='lat' dir='ltr'>seponuntur</span> <span class='ocrx_word' id='word_1_348' title='bbox 1700 4359 1777 4434; x_wconf 77' lang='lat' dir='ltr'>nlta&#39;r-</span> 
     </span>
     <span class='ocr_line' id='line_1_32' title="bbox 191 4495 1774 4580; baseline -0.004 -18"><span class='ocrx_word' id='word_1_349' title='bbox 191 4498 315 4580; x_wconf 86' lang='lat' dir='ltr'>riusqoe</span> <span class='ocrx_word' id='word_1_350' title='bbox 337 4499 555 4576; x_wconf 75' lang='lat' dir='ltr'>propagentur3</span> <span class='ocrx_word' id='word_1_351' title='bbox 579 4495 621 4557; x_wconf 90' lang='lat' dir='ltr'>ita</span> <span class='ocrx_word' id='word_1_352' title='bbox 641 4505 674 4560; x_wconf 92' lang='lat' dir='ltr'>nt</span> <span class='ocrx_word' id='word_1_353' title='bbox 695 4499 844 4580; x_wconf 69' lang='lat' dir='ltr'>sepositae</span> <span class='ocrx_word' id='word_1_354' title='bbox 866 4496 897 4559; x_wconf 93' lang='lat' dir='ltr'>in</span> <span class='ocrx_word' id='word_1_355' title='bbox 921 4504 1029 4560; x_wconf 84' lang='lat' dir='ltr'>statum</span> <span class='ocrx_word' id='word_1_356' title='bbox 1051 4496 1241 4560; x_wconf 85' lang='lat' dir='ltr'>insolubilem</span> <span class='ocrx_word' id='word_1_357' title='bbox 1264 4495 1381 4558; x_wconf 87' lang='lat' dir='ltr'>tundem</span> <span class='ocrx_word' id='word_1_358' title='bbox 1405 4499 1563 4569; x_wconf 61' lang='lat' dir='ltr'>nauseant,</span> <span class='ocrx_word' id='word_1_359' title='bbox 1586 4501 1637 4556; x_wconf 86' lang='lat' dir='ltr'>snt</span> <span class='ocrx_word' id='word_1_360' title='bbox 1659 4513 1774 4558; x_wconf 88' lang='lat' dir='ltr'>connu-</span> 
     </span>
     <span class='ocr_line' id='line_1_33' title="bbox 191 4615 1774 4704; baseline -0.001 -20"><span class='ocrx_word' id='word_1_361' title='bbox 191 4622 274 4684; x_wconf 91' lang='lat' dir='ltr'>bium</span> <span class='ocrx_word' id='word_1_362' title='bbox 296 4633 364 4682; x_wconf 90' lang='lat' dir='ltr'>oum</span> <span class='ocrx_word' id='word_1_363' title='bbox 386 4615 557 4698; x_wconf 67' lang='lat' dir='ltr'>andagino</span> <span class='ocrx_word' id='word_1_364' title='bbox 580 4618 802 4685; x_wconf 88' lang='lat' dir='ltr'>interstitiorum</span> <span class='ocrx_word' id='word_1_365' title='bbox 825 4623 942 4685; x_wconf 85' lang='lat' dir='ltr'>ineant?</span> <span class='ocrx_word' id='word_1_366' title='bbox 964 4627 1050 4704; x_wconf 81' lang='lat' dir='ltr'>Quae</span> <span class='ocrx_word' id='word_1_367' title='bbox 1071 4622 1098 4684; x_wconf 87' lang='lat' dir='ltr'>si</span> <span class='ocrx_word' id='word_1_368' title='bbox 1120 4619 1292 4684; x_wconf 75' lang='lat' dir='ltr'>confirmari</span> <span class='ocrx_word' id='word_1_369' title='bbox 1313 4618 1438 4701; x_wconf 88' lang='lat' dir='ltr'>possint,</span> <span class='ocrx_word' id='word_1_370' title='bbox 1460 4617 1640 4697; x_wconf 88' lang='lat' dir='ltr'>corpuscula</span> <span class='ocrx_word' id='word_1_371' title='bbox 1661 4615 1774 4692; x_wconf 77' lang='lat' dir='ltr'>radiata</span> 
     </span>
     <span class='ocr_line' id='line_1_34' title="bbox 193 4739 1773 4829; baseline -0.006 -20"><span class='ocrx_word' id='word_1_372' title='bbox 193 4745 389 4810; x_wconf 85' lang='lat' dir='ltr'>ossiumcom</span> <span class='ocrx_word' id='word_1_373' title='bbox 401 4741 521 4824; x_wconf 74' lang='lat' dir='ltr'>organis</span> <span class='ocrx_word' id='word_1_374' title='bbox 534 4745 758 4808; x_wconf 77' lang='lat' dir='ltr'>accersientibus</span> <span class='ocrx_word' id='word_1_375' title='bbox 775 4747 943 4829; x_wconf 87' lang='lat' dir='ltr'>comparari</span> <span class='ocrx_word' id='word_1_376' title='bbox 957 4755 987 4809; x_wconf 90' lang='lat' dir='ltr'>et</span> <span class='ocrx_word' id='word_1_377' title='bbox 1001 4745 1113 4828; x_wconf 88' lang='lat' dir='ltr'>duplici</span> <span class='ocrx_word' id='word_1_378' title='bbox 1127 4765 1219 4808; x_wconf 89' lang='lat' dir='ltr'>sensu</span> <span class='ocrx_word' id='word_1_379' title='bbox 1242 4763 1356 4826; x_wconf 66' lang='lat' dir='ltr'>organa</span> <span class='ocrx_word' id='word_1_380' title='bbox 1377 4741 1527 4806; x_wconf 88' lang='lat' dir='ltr'>chalico</span> <span class='ocrx_word' id='word_1_381' title='bbox 1536 4739 1580 4818; x_wconf 89' lang='lat' dir='ltr'>pb</span> <span class='ocrx_word' id='word_1_382' title='bbox 1592 4757 1657 4800; x_wconf 84' lang='lat' dir='ltr'>ora</span> <span class='ocrx_word' id='word_1_383' title='bbox 1677 4739 1773 4801; x_wconf 81' lang='lat' dir='ltr'>norni-</span> 
     </span>
     <span class='ocr_line' id='line_1_35' title="bbox 193 4855 1771 4954; baseline -0.004 -22"><span class='ocrx_word' id='word_1_384' title='bbox 193 4869 259 4932; x_wconf 83' lang='lat' dir='ltr'>nari</span> <span class='ocrx_word' id='word_1_385' title='bbox 286 4865 412 4950; x_wconf 86' lang='lat' dir='ltr'>possint.</span> <span class='ocrx_word' id='word_1_386' title='bbox 456 4867 516 4928; x_wconf 86' lang='lat' dir='ltr'>Sed</span> <span class='ocrx_word' id='word_1_387' title='bbox 538 4865 628 4948; x_wconf 74' lang='lat' dir='ltr'>louge</span> <span class='ocrx_word' id='word_1_388' title='bbox 652 4867 807 4946; x_wconf 76' lang='lat' dir='ltr'>absonus,</span> <span class='ocrx_word' id='word_1_389' title='bbox 836 4880 869 4934; x_wconf 91' lang='lat' dir='ltr'>ut</span> <span class='ocrx_word' id='word_1_390' title='bbox 890 4873 963 4934; x_wconf 88' lang='lat' dir='ltr'>certi</span> <span class='ocrx_word' id='word_1_391' title='bbox 986 4855 1098 4954; x_wconf 84' lang='lat' dir='ltr'>aliquid</span> <span class='ocrx_word' id='word_1_392' title='bbox 1120 4871 1158 4934; x_wconf 90' lang='lat' dir='ltr'>de</span> <span class='ocrx_word' id='word_1_393' title='bbox 1180 4871 1238 4934; x_wconf 82' lang='lat' dir='ltr'>bac</span> <span class='ocrx_word' id='word_1_394' title='bbox 1258 4868 1430 4954; x_wconf 77' lang='lat' dir='ltr'>quaestione</span> <span class='ocrx_word' id='word_1_395' title='bbox 1452 4865 1587 4944; x_wconf 86' lang='lat' dir='ltr'>prolerre</span> <span class='ocrx_word' id='word_1_396' title='bbox 1609 4861 1771 4929; x_wconf 83' lang='lat' dir='ltr'>veleamus.</span> 
     </span>
    </p>
   </div>
   <div class='ocr_carea' id='block_1_6' title="bbox 0 0 2389 5892">
    <p class='ocr_par' dir='ltr' id='par_1_8' title="bbox 0 0 2389 5892">
     <span class='ocr_line' id='line_1_36' title="bbox 0 0 2389 5892; baseline 0 0"><span class='ocrx_word' id='word_1_397' title='bbox 0 0 2389 5892; x_wconf 95' lang='lat' dir='ltr'> </span> 
     </span>
    </p>
   </div>
  </div>
 </body>
</html>
