4784 5894
1391 551 1467 626 lbi

623 767 732 830 euntia
753 767 807 828 illa
828 765 952 827 mollior
973 763 1191 836 immittebatur,
1212 761 1400 839 lacunam,
1420 779 1503 844 quae
1523 767 1593 823 ante
1616 761 1782 838 adnotant,
1801 762 1885 826 cailo
1908 763 2096 828 increscente
2119 765 2220 826 sensim

625 891 805 966 clausarum,
826 888 978 984 reliquiae.
1024 885 1160 969 Reliquis
1181 885 1318 966 partibus
1341 886 1441 948 minor
1462 884 1533 948 oalli
1556 885 1695 948 enodati
1715 892 1782 948 emt
1801 886 1909 968 eopia,
1923 887 1963 948 «in
1993 888 2162 968 fragmento
2181 889 2223 951 in·

625 1015 736 1078 feriore
758 1015 820 1076 fere
842 1013 934 1074 nulla.
980 1013 1064 1073 Cava
1095 1009 1274 1072 medullaris
1295 1009 1488 1072 solummodo
1511 1011 1550 1070 ad
1580 1009 1679 1091 ipsum
1708 1009 1810 1073 mcum
1842 1011 1969 1073 iracmm
1996 1009 2113 1094 pariete
2136 1030 2224 1074 osseo

625 1139 708 1201 tenni
729 1138 831 1200 clausa
854 1141 954 1209 arant;
974 1135 1122 1216 reliquum
1145 1134 1275 1214 spatium
1298 1133 1430 1195 medulla
1451 1151 1526 1196 sana
1549 1133 1735 1216 explebatur.

783 1262 861 1322 Fere
895 1259 1001 1322 eadem
1030 1257 1291 1338 conspiciebantur
1320 1259 1350 1318 in
1385 1258 1517 1320 traciana
1545 1257 1635 1320 tibiae
1663 1257 1750 1320 vituli
1779 1257 1895 1320 dierum
1925 1257 2085 1334 XXXV,¹
2105 1259 2136 1321 in
2168 1279 2224 1341 qna

626 1383 732 1448 omnia·
750 1385 898 1465 ampliora
920 1387 1075 1463 apparent,
1098 1388 1128 1442 at
1150 1383 1238 1460 cujus
1259 1383 1355 1444 sectio
1378 1381 1452 1442 Tab.
1475 1383 1513 1444 ll.
1536 1382 1586 1461 lig.
1608 1380 1644 1456 b,
1671 1380 1817 1462 singulari
1839 1381 1954 1458 ratione
1977 1381 2078 1444 habita
2098 1389 2223 1444 suncel-

623 1527 676 1571 rae
698 1508 776 1585 calli,
799 1508 949 1570 delineata
970 1512 1024 1568 est.
1070 1508 1151 1568 Ossa
1172 1504 1262 1585 plura
1284 1504 1504 1566 extremitatum
1533 1505 1709 1568 inieriomm
1740 1505 1771 1566 in
1802 1523 1908 1567 museo
1938 1505 2108 1567 anatomioo
2131 1507 2222 1569 Baro

621 1632 731 1696 linensi
753 1637 908 1694 asservata
931 1629 1065 1726 militnm,
1089 1628 1141 1710 qui
1164 1647 1182 1689 e
1204 1627 1388 1705 vulneribus,
1417 1627 1495 1708 parti
1518 1629 1671 1692 articulari
1699 1629 1883 1710 spongiosaa
1905 1627 1966 1691 telo
1995 1627 2150 1709 ignivomo
2180 1630 2222 1692 ia·

622 1755 727 1830 dictis,
761 1774 817 1835 per
839 1754 964 1834 longum
985 1759 1103 1833 tempus
1125 1751 1280 1814 ulceribus
1302 1751 1625 1816 venundabant-ent
1644 1769 1683 1828 ac
1704 1752 1825 1814 tandem
1847 1751 1923 1814 febri
1944 1753 2059 1815 baetica
2081 1753 2221 1826 obierant,

622 1899 707 1959 spem
729 1878 799 1938 milri
822 1883 987 1953 moverant,
1011 1881 1187 1938 eventurum
1209 1875 1363 1951 sarmasia,
1392 1889 1426 1936 ut
1448 1876 1479 1938 in
1500 1893 1578 1938 sano
1601 1876 1723 1940 animali
1746 1877 1856 1939 bonam
1884 1877 2133 1957 suppurationem
2161 1877 2221 1940 sine

537 2013 540 2029 ’
621 2002 741 2064 nemosi
763 2001 932 2064 excitarem.
976 2002 1080 2082 ltaque
1103 2019 1162 2080 ope
1184 1999 1312 2080 sclopeti
1331 1998 1466 2080 vulgaris
1487 1999 1589 2062 tibiam
1611 2001 1761 2063 sinistmm
1779 1999 1870 2062 uituli
1898 1999 2031 2077 robusti,
2052 2009 2121 2064 trae
2143 2021 2220 2062 men-

620 2144 669 2186 ses
691 2125 761 2199 nati,
784 2125 935 2202 percussi3
957 2143 1063 2186 verum
1084 2129 1210 2204 propter
1231 2124 1391 2185 continuas
1410 2123 1591 2202 jactationes
1612 2123 1699 2188 uiteali
1721 2123 1809 2205 glans
1820 2122 2220 2206 interioremloccm,qmm

619 2240 784 2323 volueram,
806 2247 935 2323 lenierat,
957 2265 1056 2329 neque
1079 2253 1195 2326 partem
1218 2246 1409 2308 articulatam
1430 2247 1636 2328 spongiosam,
1658 2248 1713 2311 sed
1735 2249 1814 2310 inira
1834 2267 1913 2322 eane,
1935 2247 2062 2310 alatere
2073 2248 2219 2310 anteriore

620 2389 728 2434 versus
749 2371 902 2451 posterius
926 2376 1014 2452 atque
1038 2369 1222 2451 aliquantum
1244 2341 1387 2432 deorsum
1409 2389 1551 2450 vergens,
1580 2390 1615 2433 os
1639 2379 1817 2450 pancuarat.
1862 2371 1948 2433 Tibia
1978 2371 2149 2452 diligentins
2178 2373 2219 2432 in·

620 2495 729 2577 quisita
753 2494 784 2556 in
808 2495 914 2557 triente
936 2493 1094 2574 superiore
1114 2494 1210 2556 fracta
1233 2493 1446 2573 reperiebatur.
1493 2493 1654 2573 Sanguinis
1675 2513 1738 2556 non
1756 2495 1887 2556 multam
1902 2495 2029 2556 effusum
2041 2503 2102 2566 est:
2124 2495 2218 2577 itaque

620 2619 729 2680 animal
759 2639 816 2680 suo
848 2618 971 2680 arbitrio
1002 2615 1134 2698 permisi.
1181 2617 1288 2680 Primis
1320 2617 1425 2680 diebus
1448 2618 1613 2680 membrana
1635 2617 1825 2680 vulneratam
1847 2619 2010 2680 admodum
2031 2621 2219 2682 tumefactum

620 2751 665 2804 est
689 2749 868 2824 auctmnque
895 2742 1029 2804 calorem
1058 2741 1151 2802 tactui
1172 2740 1315 2803 extribuit.
1360 2741 1524 2822 Crepitatio
1548 2749 1619 2823 post
1640 2743 1836 2823 septimanam
1860 2743 1946 2805 edam
1977 2743 2134 2804 maniieua
2155 2761 2218 2823 per·

620 2865 801 2964 cipiebatur;
852 2865 1078 2946 suppurationis
1123 2884 1198 2927 vero
1236 2883 1336 2946 neque
1381 2865 1413 2926 in
1460 2866 1610 2928 anteriore
1654 2885 1753 2948 neque
1800 2866 1831 2927 in
1875 2866 2044 2946 posteriorc
2088 2831 2217 2928 vulneris

618 3011 672 3051 cre
712 2990 809 3050 ullum
846 2989 1010 3070 apparebat
1050 2988 1225 3068 aestimem,
1270 3007 1327 3050 nec
1365 3008 1494 3069 inaquam
1534 2989 1690 3051 decoratio
1732 2989 1968 3069 percipiebatnr;
2017 2989 2110 3052 immo
2151 2989 2217 3052 licet

617 3111 742 3186 iterum,
764 3111 817 3172 filo
841 3109 991 3173 metallico
1014 3110 1168 3174 inlocum
1192 3113 1319 3174 fractum
1341 3111 1537 3187 intrudendo,
1563 3111 1673 3174 vulnus
1697 3111 1876 3198 irritassem,
1904 3119 2089 3174 nontamen
2114 3113 2215 3188 euenit,

619 3245 653 3296 ut
676 3234 774 3314 prima
797 3233 921 3295 intentio
951 3233 1130 3296 turbaretur.
1174 3237 1290 3296 Tumor
1310 3235 1559 3297 inflammatorins
1587 3242 1675 3317 atque
1704 3235 1789 3299 calor
1818 3235 1975 3316 paullatim
2002 3235 2214 3310 minuebantur,

620 3357 850 3439 membrumque
874 3377 940 3418 cam
962 3357 1073 3420 sensim
1096 3358 1263 3419 firmitatem
1285 3359 1522 3434 nanciscebatur,
1544 3367 1579 3419 ut
1600 3359 1710 3422 animal
1733 3358 1845 3440 elapsis
1867 3359 2087 3422 diebusXXX
2110 3361 2139 3422 ei
2156 3363 2215 3440 jam

531 3505 535 3512 ·
618 3500 681 3544 non
702 3488 886 3562 parceretur,
908 3487 997 3562 atque
1019 3500 1075 3561 per
1097 3481 1196 3542 lusum
1218 3481 1430 3563 lasciviamque
1452 3483 1555 3546 vanos
1577 3483 1672 3546 saltus
1695 3483 1789 3544 daret.
1834 3485 1939 3546 Partes
1966 3483 2075 3544 molles
2104 3483 2144 3546 ad
2171 3503 2216 3546 sa-

617 3606 740 3670 nitatem
761 3604 929 3680 redierantq
952 3604 1049 3668 tenuis
1073 3604 1194 3686 quidam
1217 3604 1377 3680 iitniculus,
1399 3607 1594 3668 substantiam
1616 3606 1751 3668 reterens
1774 3605 2111 3683 cellnlosoatibrosam,
2140 3607 2215 3670 viam

598 3701 782 3806 indicunt,
810 3749 865 3810 per
893 3749 981 3813 quam
1009 3728 1153 3810 globulus
1182 3735 1368 3809 penetrarat,
1399 3747 1497 3812 eoque
1529 3730 1601 3792 loeo
1630 3729 1758 3792 inosculi
1780 3736 1811 3792 et
1832 3730 1909 3792 onds
1932 3729 2042 3792 arctius
2065 3730 2216 3812 aliquanto

514 3939 518 3948 ι
617 3873 708 3936 qnam
735 3855 767 3914 in
790 3861 868 3916 statu
891 3873 967 3916 sano
990 3854 1067 3916 inter
1089 3874 1122 3916 se
1145 3855 1364 3930 collaetabant3
1388 3854 1514 3916 musculi
1537 3853 1750 3933 profundiores
1773 3852 1889 3916 firmins
1909 3853 2012 3914 adnati
2034 3854 2217 3933 apparabant

618 3974 773 4053 periostao
798 3974 861 4056 (J),
883 3993 994 4055 eaque,
1016 3995 1076 4055 quo
1098 3977 1239 4054 globulus
1262 3997 1298 4038 os
1320 3983 1506 4055 penetrarat,
1536 3983 1637 4054 partes
1665 3977 1873 4040 musculorum
1902 3976 2038 4039 mutilene
2060 3976 2122 4058 (K)
2151 3997 2216 4041 cum

620 4096 727 4158 eodem
749 4095 937 4157 coaluerunt.
983 4097 1089 4158 Latera
1118 4105 1178 4158 tam
1202 4105 1326 4160 externo
1349 4117 1440 4178 quam
1463 4098 1580 4158 interno
1603 4099 1680 4160 lines
1702 4100 1780 4162 ossis
1803 4099 1887 4162 tracti
1909 4100 1987 4160 inter
2009 4119 2042 4164 se
2065 4101 2146 4164 callo
2169 4121 2215 4164 os·

619 4237 673 4282 seo
696 4219 787 4298 plane
809 4221 963 4298 conjuncti
986 4226 1088 4294 etanta
1118 4239 1155 4280 ea
1176 4239 1249 4281 vero
1273 4227 1366 4299 parte,
1390 4239 1450 4302 qna
1472 4219 1585 4283 canalis
1605 4220 1732 4301 globulo
1756 4224 1882 4300 trajecto
1904 4224 2001 4285 lacteis
2024 4231 2096 4298 erat,
2119 4225 2215 4306 perio-

619 4349 714 4403 steum
736 4340 786 4404 vel
809 4342 908 4422 potius
931 4343 1098 4406 substantia
1118 4342 1265 4425 quaedam
1288 4341 1402 4405 fibroso
1418 4343 1565 4408 cellnlosa
1587 4365 1655 4406 ciam
1679 4344 1830 4422 periosteo
1853 4345 2018 4409 cohaerens
2040 4347 2118 4410 inter
2141 4349 2216 4427 trag·

618 4471 719 4528 menta
740 4465 870 4526 dennissa
890 4467 1062 4545 apparebat
1108 4467 1167 4530 Per
1187 4466 1316 4529 mediam
1338 4467 1414 4530 hanc
1429 4477 1543 4548 partem
1558 4487 1593 4530 os
1613 4466 1779 4530 secundum
1796 4467 2015 4549 longitudinem
2035 4477 2151 4534 sectum
2165 4479 2216 4534 cst.

617 4589 830 4669 Fragmentum
852 4587 975 4650 interius
987 4591 1044 4667 (Β)
1068 4589 1222 4671 aliquanto
1244 4610 1364 4654 sursum
1386 4599 1475 4673 atquc
1499 4599 1669 4652 antrorsnm
1690 4589 1864 4656 marmiun]
1881 4592 1984 4668 videas
2006 4593 2037 4656 in
2058 4596 2216 4676 superficie

618 4721 680 4772 tam
696 4720 819 4774 extem
842 4731 931 4793 quam
954 4711 1071 4773 interna
1092 4713 1171 4775 ossis
1192 4733 1301 4793 magna
1320 4714 1368 4777 vis
1390 4733 1488 4776 novoe
1511 4713 1694 4776 substantiae
1706 4733 1813 4778 osseae
1825 4717 1957 4798 undique
1969 4717 2114 4782 exsudata
2126 4739 2228 4800 appa»

618 4842 683 4912 reta
707 4853 784 4918 quae
807 4835 837 4895 in
859 4834 954 4897 latere
977 4834 1127 4898 anteriore
1148 4837 1305 4916 fragmenti
1327 4835 1492 4917 superioris
1516 4835 1579 4922 (Α)
1602 4838 1722 4901 tenuior
1743 4837 1864 4922 quidem
1886 4847 1932 4902 est
1954 4841 2016 4921 (a),
2039 4862 2145 4905 verum
2167 4863 2216 4906 su-

618 4979 673 5038 per
696 4958 860 5039 marginem
883 4959 1033 5022 tracturae
1055 4959 1214 5042 prominet,
1236 4967 1266 5023 et
1288 4979 1357 5022 cum
1379 4959 1502 5022 materie
1524 4960 1555 5024 in
1570 4963 1744 5043 ,superficie
1766 4963 1883 5026 interna
1904 4964 1954 5044 (b)
1977 4964 2136 5043 exsudata,
2162 4986 2217 5030 nec
