4856 5896
1380 452 1404 524 4

593 670 762 730 mentorum
789 662 905 726 transit.
949 662 1160 728 Annectuntur
1188 663 1217 726 ei
1246 661 1383 726 tendines
1411 659 1633 742 musculorum,
1662 662 1803 748 fibrisque
1832 668 1899 746 ejus
1927 666 2206 748 longitudinalrbus

594 787 668 854 alias
690 788 751 851 alia
772 786 938 851 directione
948 793 1164 872 procurrentes
1175 786 1340 850 admiscent
1350 793 1381 850 et
1402 786 1433 850 iu
1455 785 1561 848 iisdem
1582 783 1659 850 locis
1676 788 1781 868 magis,
1804 808 1894 873 quam
1905 789 1987 867 alibi,
2008 792 2204 873 periosteum

596 913 657 976 ossi
680 911 830 975 adhaeret.

754 1034 881 1100 Elevato
902 1036 1064 1118 perlosteo,
1098 1035 1216 1098 intcma
1238 1037 1304 1114 ejus
1326 1034 1484 1116 superficie
1499 1053 1607 1114 magua
1629 1032 1869 1100 ilbrliiarnm
1891 1037 1981 1119 copia
2002 1031 2206 1120 conspicitur,

596 1178 673 1243 quae
695 1160 726 1223 iu
748 1178 820 1222 ossa
842 1159 1015 1221 inseruntur
1035 1165 1082 1236 et,
1109 1165 1143 1220 ut
1171 1159 1251 1220 inira
1278 1157 1464 1236 videbimus,
1488 1177 1563 1221 vasa
1584 1157 1745 1222 continent.
1789 1157 1888 1240 Ipsius
1917 1160 1995 1222 ossis
2023 1159 2208 1242 superficies

595 1282 690 1364 magis
713 1284 849 1346 minusve
870 1280 983 1364 glabra
997 1288 1030 1343 et
1049 1281 1126 1342 dura
1146 1289 1288 1364 apparet,
1311 1287 1401 1364 atque
1422 1280 1597 1344 eminentias
1618 1289 1650 1344 et
1672 1281 1885 1366 impressiones
1906 1280 2039 1360 exhibet,
2069 1283 2101 1349 in
2123 1301 2208 1370 quas

595 1407 780 1488 periosteum
802 1405 952 1470 inseritur.
996 1405 1155 1469 Praeterea
1179 1402 1506 1468 toraminulorum
1526 1423 1636 1486 magna
1657 1405 1748 1489 eopia
1768 1405 1962 1488 conspicitur,
1984 1405 2093 1492 qmbus
2104 1405 2207 1471 libril-

596 1529 656 1606 lae,
678 1550 753 1615 quas
769 1529 843 1606 dixi,
872 1547 911 1592 ex
932 1528 1086 1612 periosteo
1108 1526 1139 1590 in
1161 1528 1259 1611 ipsum
1289 1547 1326 1591 os
1354 1528 1577 1608 immerguntur.
1628 1528 1716 1593 ilaec
1739 1529 1887 1592 foramina
1918 1549 2064 1616 perquam
2092 1531 2210 1611 exigua

599 1660 670 1715 snut
691 1653 723 1716 in
744 1652 863 1716 ossibus
885 1651 984 1734 plauis
1007 1659 1039 1714 et
1059 1651 1090 1714 in
1113 1650 1249 1732 diaplrysi
1278 1651 1392 1714 ossium
1414 1649 1592 1731 longorum,
1621 1651 1703 1714 unde
1728 1651 1775 1716 lais
1804 1652 1922 1735 species
1951 1652 2047 1716 multo
2077 1673 2209 1736 compa-

601 1776 686 1851 ctior,
708 1776 771 1838 sere
792 1774 913 1858 lapidea
935 1774 1088 1847 tribuitur;
1118 1772 1270 1854 iniungis
1292 1775 1349 1836 sita
1370 1782 1442 1836 suut
1462 1772 1639 1860 plerumque
1662 1774 1693 1837 in
1715 1775 1858 1838 inferiore
1880 1776 1939 1838 tine
1961 1775 2115 1840 smoornrn
2137 1779 2210 1840 exi-

600 1917 745 1979 guarum,
773 1896 813 1961 ad
842 1899 921 1961 ossis
942 1897 1161 1978 longitudinem
1182 1904 1406 1980 porrectorum,
1435 1897 1486 1982 qui
1517 1905 1547 1959 et
1575 1897 1633 1981 ipsi
1662 1897 1780 1963 fibiillis
1807 1917 1846 1960 ex
1876 1897 2001 1982 obliquo
2022 1899 2209 1964 intr-annisus

602 2021 790 2100 exoriuntur,
818 2021 1008 2105 speciemque
1037 2022 1099 2085 ossi
1121 2019 1267 2084 sulcatam
1288 2020 1423 2082 induunt.
1476 2019 1577 2082 Multo
1604 2038 1679 2082 vero
1706 2023 1825 2100 maj0ra
1846 2029 1992 2103 apparent
2021 2022 2052 2085 in
2081 2023 2207 2086 ossibus

601 2143 742 2208 brevibus
764 2151 853 2228 atque
875 2145 906 2208 iu
927 2153 1012 2228 parte
1036 2143 1189 2206 articedari
1211 2143 1386 2222 longorum,
1418 2142 1497 2206 mide
1520 2143 1611 2206 iacies
1634 2161 1739 2206 eornm
1761 2143 1856 2224 magis
1878 2144 2014 2208 mutusve
2036 2164 2151 2226 perosa
2171 2155 2209 2208 et

602 2267 732 2332 solutior
754 2273 886 2349 apparet

765 2392 843 2452 Osse
866 2409 926 2471 ope
947 2408 1048 2452 serrae
1071 2389 1171 2450 medio
1200 2397 1359 2470 persecuto
1384 2389 1485 2470 priano
1506 2389 1625 2460 intuitui
1647 2408 1756 2469 magna
1779 2388 1903 2452 offertur
1931 2389 2097 2456 &timentia
2125 2393 2207 2458 inter

603 2521 783 2576 structuram
805 2519 959 2574 externam
982 2521 1012 2576 ct
1033 2513 1179 2574 internam
1202 2511 1399 2573 intercedens.
1445 2512 1587 2574 Omnium
1610 2511 1689 2574 enim
1711 2511 1825 2576 ossium
1853 2513 2030 2594 superficies
2052 2523 2206 2580 exuram

574 2697 577 2703 .
604 2637 722 2700 exiribct
743 2637 927 2714 solidiorem,
949 2636 1181 2719 compactiorern
1204 2633 1346 2722 (subse
1369 2641 1614 2718 compactas.
1636 2633 1877 2720 corticella),
1897 2635 2023 2700 uerior
2046 2657 2120 2700 vero
2132 2659 2208 2720 pars

604 2760 688 2824 cellis
716 2761 882 2841 majoribus
916 2765 947 2823 et
979 2757 1160 2835 naiuoribus,
1194 2759 1273 2822 inter
1306 2777 1340 2822 se
1376 2755 1604 2822 cohaerentibus
1639 2758 1797 2838 insignitur
1831 2758 1969 2840 (subet
1997 2759 2207 2826 cellularis

604 2906 627 2947 s.
665 2882 908 2968 spongiosa).
981 2880 1155 2944 Substantia
1193 2881 1344 2946 oorticalis
1383 2880 1557 2944 tenmssima
1594 2889 1638 2958 ast
1678 2881 1710 2944 in
1757 2880 1876 2944 ossibus
1915 2880 2056 2946 brevibus
2094 2884 2207 2949 multo-

603 3027 662 3088 que
705 3007 804 3068 nrinus
849 3004 943 3066 densa
986 3023 1076 3086 quam
1120 3003 1151 3064 in
1192 3000 1310 3064 ossibus
1358 3003 1456 3082 planis
1501 3003 1609 3079 crarrii,
1660 3003 1693 3064 in
1737 3001 1845 3086 quibus
1883 3003 1999 3068 duabus
2043 3006 2204 3070 consttui-

604 3137 655 3191 tur
680 3125 815 3202 laminis,
844 3144 972 3208 quarum
1001 3124 1109 3207 altera,
1138 3123 1263 3192 cerebro
1294 3123 1435 3202 obversa,
1468 3132 1597 3207 propter
1622 3123 1760 3188 duritiem
1787 3133 1877 3212 atque
1910 3127 2098 3208 fragilitatem
2132 3129 2207 3194 insi-

604 3269 694 3331 gnem
733 3267 844 3312 nomen
876 3246 1043 3310 laminae
1079 3247 1226 3310 vitreae
1261 3247 1384 3329 accepit.
1439 3247 1577 3330 Spatium
1614 3247 1823 3312 intermedium
1855 3255 1951 3312 totum
1984 3271 2005 3312 a
2034 3251 2204 3316 substantia

606 3372 771 3457 spongiosa
792 3377 966 3481 pccupamr,
987 3389 1064 3454 quae
1086 3371 1117 3431 in
1139 3371 1260 3434 ossibus
1281 3369 1380 3452 planis
1402 3368 1504 3454 diploti
1525 3377 1663 3434 vocatur.
1706 3373 1814 3436 Partes
1836 3372 1951 3438 ossium
1971 3372 2134 3454 longorum
2156 3395 2206 3440 ar·

606 3495 746 3558 ticulares
768 3499 919 3557 sunctum
938 3511 1028 3574 pares
1050 3500 1122 3556 sunt
1142 3492 1262 3556 ossibus
1285 3491 1442 3568 brevibns;
1463 3493 1580 3556 iuterna
1601 3494 1681 3558 enim
1702 3513 1774 3576 pars
1796 3493 1890 3560 teiam
1912 3496 2030 3558 exbibet
2040 3499 2207 3582 aequaliter

607 3618 799 3696 cellnlosam,
831 3625 863 3680 et
891 3615 1057 3680 substantia
1084 3615 1234 3679 curticulis
1262 3615 1453 3698 superficiem
1480 3613 1624 3698 obtegens
1651 3617 1825 3680 tenensima
1852 3626 1898 3682 est
1927 3627 1958 3682 et
1978 3619 2078 3684 minus
2101 3621 2204 3698 densa,

607 3743 752 3808 densitate
775 3750 805 3805 et
826 3711 1021 3804 crassitudine
1044 3759 1082 3804 eo
1104 3739 1198 3820 magis
1221 3757 1368 3816 crescens,
1391 3758 1452 3822 quo
1473 3739 1599 3821 propius
1623 3738 1662 3800 ad
1684 3739 1814 3803 mediam
1835 3741 1993 3825 diapbysin
2010 3718 2135 3820 accedit,
2157 3745 2204 3808 di-

607 3869 724 3930 minuto
744 3865 833 3927 simul
855 3863 933 3926 ossis
955 3862 1075 3923 ambitu.
1121 3866 1243 3943 erento
1265 3869 1391 3942 augetur
1412 3861 1577 3924 substantia
1598 3863 1758 3940 cortiealis,
1780 3871 1862 3927 tanto
1876 3865 2021 3928 minuitur
2030 3868 2206 3949 spongiosa,

609 3989 762 4070 cellaeque
783 3987 860 4048 liunt
879 3986 1020 4066 majores,
1043 3983 1150 4046 duetus
1173 3985 1426 4064 communicantes
1448 3984 1618 4066 ampliores,
1640 3993 1674 4048 ut
1699 3985 1760 4048 tela
1783 3986 1910 4069 denique
1934 3987 2020 4071 quasi
2042 3989 2206 4054 reticulosa

610 4113 717 4175 existat
735 4107 875 4192 (subst.
897 4105 1156 4186 reticulatis),
1175 4127 1212 4168 ae
1230 4115 1393 4188 postremo,
1405 4107 1495 4190 plane
1509 4107 1754 4172 evanescentibus
1773 4108 1899 4186 cellulis,
1914 4108 2042 4192 simplex
2054 4111 2207 4176 exonam

610 4255 716 4298 cavum
739 4232 912 4316 (cavitas
934 4228 1187 4314 medullaris)
1211 4228 1278 4293 sola
1301 4231 1465 4294 substantia
1487 4231 1621 4294 corticali
1644 4232 1786 4309 cinctum,
1809 4251 1870 4314 qno
1893 4231 1941 4308 tit,
1964 4239 1998 4296 nt
2019 4251 2056 4296 os
2078 4233 2204 4316 cylin-

611 4359 669 4420 dri
692 4356 757 4420 cavi
779 4354 911 4437 speciem
934 4354 1045 4440 etierat.

770 4479 848 4542 rum
869 4478 944 4538 baec
965 4477 1092 4553 cavitas,
1120 4482 1182 4538 tum
1211 4473 1338 4540 cellulae
1360 4476 1541 4540 substantiae
1563 4476 1744 4558 spongiosae
1766 4474 1920 4559 replentur
1949 4479 2114 4547 substantia
2142 4484 2206 4546 adi-

483 4620 492 4632 ·
611 4624 696 4688 pesa,
715 4622 754 4666 ex
774 4600 867 4666 mbro
892 4600 977 4677 flava
999 4599 1093 4680 magis
1115 4599 1251 4662 minusve
1275 4597 1371 4677 fluida⁴
1390 4598 1580 4684 (medulla
1601 4600 1748 4680 ossea),
1770 4618 1847 4682 quae
1868 4604 2036 4668 numerosis
2057 4605 2138 4668 vasis
2160 4606 2205 4668 ia-

611 4735 723 4794 strueta
745 4734 776 4788 et
796 4723 878 4788 tenui
900 4723 1071 4786 urerubraua
1094 4723 1153 4804 (m.
1176 4721 1410 4802 medullari)
1431 4720 1547 4782 inclusa
1569 4729 1622 4784 est.
1667 4722 1751 4784 ilaec
1772 4723 1943 4786 membrana
1965 4727 2050 4790 faciei
2072 4727 2205 4792 maerore

611 4851 744 4917 caritatis
767 4857 797 4914 et
819 4847 962 4914 cellarum
985 4847 1116 4928 adjacet,
1142 4865 1240 4928 neque
1269 4853 1368 4910 tamen
1398 4853 1479 4906 arcte
1507 4864 1575 4908 cnm
1598 4865 1634 4907 oa
1656 4846 1835 4923 oeliaereua,
1862 4847 1991 4930 indeque
2013 4851 2202 4930 perioatel
