4784 5894
956 559 1031 634 107

190 783 304 846 corpus
316 765 347 828 iu
359 766 482 830 modum
494 767 681 830 exostosium
698 767 746 830 hic
758 767 821 830 illic
843 768 944 830 inflata
967 775 1070 842 erant;
1091 767 1261 830 levissimus
1284 767 1410 850 quisque
1432 768 1509 830 ictus
1532 769 1615 830 brevi
1637 768 1727 830 talem
1750 777 1797 832 tu-

187 909 305 952 morem
327 891 485 968 excitabat,
507 911 543 952 ac
564 891 654 954 simul
676 891 871 972 ligamentum
892 892 1017 970 nuchae,
1040 892 1113 973 quin
1129 893 1218 954 etiam
1228 891 1378 971 margines
1389 891 1499 954 axillae
1512 892 1681 954 ossiiicatae
1697 901 1793 956 eraut.

187 1013 271 1076 Raro
294 1021 452 1078 exostoaee
474 1015 637 1077 hereditate
659 1019 800 1098 tanquam
825 1015 987 1078 translatae
1011 1021 1100 1097 atque
1123 1014 1249 1078 adnatae
1272 1016 1450 1078 observatae
1473 1023 1557 1089 sunt;
1580 1016 1624 1078 sic
1645 1016 1797 1080 Rudol-

186 1137 252 1218 phi
275 1137 328 1214 (Ι)
351 1145 445 1203 totam
467 1138 642 1220 progeniem
665 1139 751 1213 tauri,
774 1140 825 1220 qui
847 1139 1003 1203 exostosin
1026 1139 1057 1202 in
1080 1140 1178 1200 fronte
1200 1138 1333 1218 gesserit,
1355 1138 1435 1200 idem
1455 1138 1561 1200 vitium
1584 1150 1702 1202 nactam
1721 1159 1788 1202 esse

187 1269 304 1335 naman
327 1262 359 1324 in
380 1263 501 1326 homine
524 1261 679 1326 exostosin
702 1262 909 1324 hereditariam
933 1265 1063 1342 Boyer
1086 1261 1137 1338 (¹2)
1161 1261 1254 1330 semel
1277 1262 1455 1326 observavit.
1649 1239 1651 1248 ¹

347 1384 397 1448 Ad
408 1385 588 1466 dyacrasiaa,
611 1405 688 1467 quae
700 1386 891 1448 exostosibus
903 1385 1068 1448 formandis
1080 1405 1183 1446 ansam
1196 1386 1275 1459 dant,
1299 1385 1476 1466 praeprimis
1489 1386 1638 1465 pertinent
1670 1387 1796 1467 sypltilis

189 1505 406 1588 scroplurlosia,
429 1508 598 1585 neomutus,
622 1509 760 1572 arthritis.
799 1509 965 1580 Exostoscs
978 1508 1165 1589 syphiliticae
1180 1508 1395 1571 omniumsunt
1417 1509 1682 1590 frequentissimae,
1706 1516 1796 1592 atque

187 1630 366 1714 plerumque
389 1651 461 1696 ossa
482 1638 641 1713 compacta
663 1632 758 1694 cranii
781 1651 911 1714 ossaque
933 1632 1075 1695 tubulosa
1090 1633 1252 1712 corripere
1274 1631 1381 1708 solent,
1405 1632 1623 1712 scrophulosae
1639 1653 1712 1696 vero
1725 1633 1795 1695 bre-

188 1753 238 1816 via
260 1754 482 1838 longorumque
506 1755 581 1818 fines
605 1757 789 1837 spongiosos
812 1755 968 1832 obsidenta
997 1756 1185 1818 scorbuticae
1214 1757 1278 1818 fere
1299 1773 1453 1836 nunquam
1475 1764 1596 1835 praeter
1618 1757 1648 1818 iu
1672 1757 1795 1819 maxilla

188 1879 332 1942 inferiore
355 1879 532 1942 observatae
555 1887 640 1954 snut;
663 1879 832 1942 arthriticae
854 1899 951 1961 prope
974 1879 1142 1959 singulares
1165 1878 1377 1941 concretiones
1400 1878 1568 1942 arthriticas
1590 1879 1792 1942 inveniuntur.

188 2004 253 2066 liae
277 2022 382 2066 omnes
403 2001 653 2070 inflammationes
680 2003 854 2083 specificae,
883 2022 957 2086 quas
986 2009 1111 2078 vocant,
1139 2003 1171 2064 in
1199 2002 1310 2064 cariem
1333 2002 1460 2063 transire
1483 2009 1598 2077 eruant,
1627 2002 1676 2064 vel
1705 2022 1795 2083 prae-

188 2145 292 2206 gressa
314 2125 464 2190 exostosis
487 2126 675 2204 formatione,
698 2126 746 2188 vel
769 2127 834 2188 sine
857 2145 902 2201 ea,
925 2144 1018 2210 quare
1040 2125 1276 2208 frequentissime
1300 2125 1330 2186 iu
1353 2125 1503 2186 vicinitate
1519 2125 1654 2187 ulcerum
1670 2133 1793 2188 exosto-

188 2268 237 2312 ses
258 2251 462 2331 reperiuntur,
492 2255 651 2332 tantaeque
674 2249 824 2312 interdum
845 2247 1070 2330 magnitudinis,
1096 2254 1130 2310 ut
1151 2267 1282 2328 pugnam
1305 2247 1415 2310 ambitu
1439 2256 1587 2329 aequeutr
1617 2247 1738 2330 qualem
1760 2249 1792 2310 in

188 2393 294 2437 museo
317 2374 487 2438 anatomico
509 2371 667 2436 'luticensi
688 2371 760 2436 vidi
813 2373 957 2435 Omnium
986 2371 1115 2434 maxime
1144 2371 1375 2452 scrophuloaae,
1409 2389 1487 2452 quae
1517 2369 1682 2432 secundum
1705 2371 1794 2434 Clo·

189 2505 277 2580 quet
300 2496 352 2575 (3)
381 2517 512 2562 massam
541 2497 709 2578 pultaceam
731 2496 1017 2573 (tuberculosami)
1040 2495 1207 2572 continent,
1240 2495 1272 2558 in
1300 2493 1516 2556 ulceratiouem
1545 2494 1628 2556 abire
1657 2494 1793 2556 tendunt.

189 2622 295 2684 Ostitis
317 2621 489 2684 acorbutica
511 2640 581 2683 raro
605 2627 762 2684 exostoaes
784 2620 891 2700 gignit;
914 2619 1084 2696 Petito)
1108 2625 1154 2680 ter
1175 2624 1291 2680 tantum
1310 2617 1677 2680 exostosinscorbuticam
1700 2624 1793 2700 (quae

189 2763 295 2808 omnes
319 2745 472 2808 maxillam
494 2743 666 2806 inferiorem
690 2742 891 2818 obsidebant),
914 2741 1024 2804 cariem
1037 2740 1141 2802 eadem
1155 2758 1246 2802 cauea
1257 2745 1393 2802 exortam
1403 2740 1474 2820 plus
1486 2741 1599 2802 centies
1611 2740 1791 2804 observavit.

350 3006 392 3075 (l)
409 3010 602 3072 liudolphi,
621 3010 741 3064 mucra.
760 3021 807 3062 aare
826 3009 886 3058 dena
903 3008 1016 3060 (labiete
1034 3007 1082 3056 der
1097 3005 1279 3070 autumnat,
1296 3005 1369 3058 atet
1388 3021 1416 3058 ιι.
1441 3005 1717 3068 ratumnutuade,
1744 3007 1794 3056 auf

190 3101 264 3150 einer
282 3099 362 3149 Baiae
382 3107 432 3152 etc.
451 3099 481 3154 Τ.
501 3099 523 3152 1.
542 3117 568 3164 p.
588 3097 631 3153 ⁸1⁵.

350 3183 391 3252 (2)
410 3189 532 3252 Boyer,
551 3185 629 3236 traite
645 3187 691 3236 dea
710 3187 771 3236 mal.
791 3187 855 3236 chir.
875 3185 906 3239 Τ.
925 3185 977 3239 111.
995 3200 1022 3248 p.
1041 3182 1103 3238 600.

350 3271 393 3346 (8)
412 3277 577 3346 (nequet,
596 3274 616 3326 l.
635 3293 657 3331 a.
676 3291 702 3340 p.
719 3274 783 3328 419.

349 3365 389 3434 (4)
408 3366 516 3428 Petit,
534 3365 554 3422 l,
572 3380 597 3418 c.
615 3365 646 3421 T.
666 3365 695 3414 11
721 3381 747 3433 p.
765 3362 830 3418 att.
