4768 5894
1214 465 1217 470 ’
1346 509 1427 594 ace

752 807 790 892 3)
811 808 1074 890 Regeneratio
1096 805 1248 872 ossium
1270 827 1340 889 per
1361 815 1481 872 totam
1501 807 1730 872 crassitiem
1752 811 2028 872 emortuorum.

753 969 853 1032 Multa
880 967 999 1050 quidem
1027 967 1261 1049 regenerationis
1283 969 1414 1046 ossium,
1442 987 1520 1052 quae
1541 987 1597 1050 per
1619 974 1712 1034 totam
1734 969 1899 1034 crassitiem
1920 987 1959 1032 ex
1979 973 2066 1050 parta
2088 986 2187 1032 emor·

595 1099 646 1154 tua
669 1092 792 1169 inerint,
815 1100 1018 1156 memorantur
1040 1092 1198 1174 exemplar
1219 1113 1325 1156 verum
1348 1093 1387 1156 de
1408 1112 1526 1156 summa
1547 1113 1653 1156 eorum
1676 1092 1818 1158 denaen's
1840 1093 1892 1172 iis,
1922 1111 1999 1175 quae
2022 1091 2062 1156 sd
2082 1111 2192 1156 nemo·

594 1217 640 1278 sin
672 1215 817 1280 intentam
847 1217 1004 1280 referenda
1034 1236 1100 1280 esse
1123 1237 1217 1298 supra
1245 1217 1481 1283 demonstratum
1502 1224 1556 1294 est,
1578 1217 1705 1298 exiguus
1726 1223 1841 1280 unum
1863 1216 2111 1280 observationum
2132 1215 2191 1279 huc

596 1339 819 1404 referendarum
842 1348 934 1404 restat
955 1361 1106 1404 numerus.
1152 1341 1260 1424 Neque
1282 1341 1313 1408 in
1334 1341 1381 1404 his
1404 1342 1491 1406 etiam
1514 1341 1540 1404 is
1564 1340 1797 1423 deprehenditur
1818 1340 2053 1422 regenerationis
2077 1339 2194 1420 modus,

596 1467 697 1546 quern
714 1464 800 1528 multi
828 1465 977 1528 invenisse
1006 1465 1063 1528 sibi
1099 1465 1156 1530 visi
1184 1473 1269 1540 sunu
1304 1485 1456 1549 nunquam
1484 1485 1520 1531 os
1548 1471 1717 1530 emortuum
1745 1464 1847 1532 mula
1874 1483 1964 1531 ousae
1989 1483 2096 1530 recens
2127 1471 2194 1528 otta

596 1587 812 1660 circumclusus
834 1599 967 1671 apparet

753 1713 812 1776 Per
834 1720 929 1776 totam
950 1713 1028 1778 ossis
1050 1714 1214 1778 crassitiem
1236 1713 1368 1796 pauisse
1389 1713 1530 1778 uecrosin
1553 1712 1699 1796 aliquam,
1721 1713 1762 1776 ob
1784 1711 1816 1776 id
1837 1711 1951 1791 solum,
1982 1710 2066 1796 qnod
2085 1730 2193 1795 aeque·

597 1843 659 1898 ster
687 1836 841 1901 uolumine
863 1843 950 1900 vetars
979 1857 1015 1902 os
1044 1839 1108 1901 iere
1132 1845 1261 1922 aequet,
1288 1839 1377 1908 statui
1399 1857 1462 1902 non
1485 1844 1603 1918 potest3
1631 1837 1689 1900 sed
1707 1835 1895 1918 glabritatem
1918 1836 2007 1900 etiam
2028 1835 2196 1902 manualem

597 1961 830 2044 euriuentiasque
860 1981 965 2027 omues
995 1968 1025 2024 et
1054 1963 1174 2044 foveas,
1201 1983 1280 2045 quae
1302 1963 1467 2026 'secundum
1489 1970 1627 2024 naturam
1647 1961 1680 2022 in
1702 1981 1773 2024 osse
1795 1967 1882 2040 sunt,
1912 1959 2050 2024 ostendat
2070 1978 2197 2024 neooese

596 2093 642 2149 est
703 2085 811 2148 Omnis
839 2085 918 2148 enim
940 2086 1201 2169 quantulacunque
1224 2087 1353 2168 aspredo
1374 2087 1425 2160 vel
1447 2087 1565 2164 orosio,
1596 2105 1673 2169 quae
1704 2090 1824 2167 praeter
1855 2091 1994 2148 nanuum
2017 2083 2118 2162 adest,
2145 2103 2196 2148 ar-

597 2221 738 2292 gumento
761 2216 823 2288 est,
850 2209 953 2273 vivum
975 2209 1088 2292 aliquid
1111 2231 1149 2274 ex
1171 2230 1242 2274 osse
1264 2211 1423 2288 mansisse,
1452 2210 1558 2293 idque,
1580 2209 1716 2292 quamvis
1739 2207 1819 2292 exile
1840 2225 1876 2272 ae
1898 2215 1988 2272 tenue
2010 2208 2064 2286 sit,
2085 2207 2197 2272 suffieit

599 2343 711 2410 taruen,
745 2353 866 2416 exque
888 2352 986 2398 muse
1008 2333 1190 2398 substantiae
1213 2353 1320 2398 osseae
1342 2335 1481 2397 formatio
1503 2334 1720 2416 proficiscatur.
1776 2332 1892 2398 Hoesi
1924 2333 2002 2396 bene
2024 2331 2195 2414 diligenter·

599 2477 657 2540 que
680 2467 807 2534 tuemur,
828 2476 982 2539 nunquam
1003 2457 1035 2520 in
1055 2458 1134 2519 iane
1156 2457 1339 2520 adducemur
1360 2457 1582 2535 necessitatem,
1603 2465 1638 2520 ut
1658 2455 1827 2539 periosteo,
1848 2455 1941 2520 immo
1963 2455 2087 2540 reliquis
2109 2456 2201 2520 edam

599 2579 736 2663 partibus
763 2579 906 2644 mollibus
929 2579 1034 2642 miram
1057 2579 1139 2676 iliam
1162 2579 1327 2644 tribuamus
1348 2589 1500 2658 namnam,
1529 2588 1563 2644 ut
1584 2582 1783 2646 inflammatae
1804 2579 1855 2644 vel
1877 2580 1908 2644 in
1929 2579 2126 2644 eustanum
2146 2598 2198 2652 os·

598 2725 681 2770 seam
710 2704 818 2766 abeant
846 2703 896 2766 vel
926 2705 1016 2768 telem
1039 2723 1144 2768 recem
1166 2704 1305 2786 gignant,
1326 2725 1363 2768 sc
1385 2711 1448 2768 mm
1471 2711 1584 2768 tautsnn
1606 2707 1666 2769 hoc
1687 2705 1754 2768 fieri
1774 2711 1955 2796 mamus,
1984 2705 2011 2768 si
2034 2723 2106 2768 ossa
2126 2703 2199 2768 snb-

598 2828 724 2892 stantias
749 2829 898 2909 jacturam
929 2829 1054 2892 iecerint
1080 2813 1129 2892 vel
1157 2828 1196 2890 ad
1225 2829 1374 2892 sanandas
1402 2831 1548 2894 tacturas
1579 2849 1678 2894 novae
1699 2829 1882 2894 substantiae
1909 2829 2091 2892 remmono
2112 2847 2190 2912 opus

599 2954 646 3016 sit.
697 2953 733 3016 ln
763 2972 874 3034 magno
905 2952 1018 3016 ossium
1046 2960 1290 3040 regeneratorum
1318 2973 1458 3030 numero,
1488 2974 1565 3037 quae
1593 2954 1744 3036 inquirere
1770 2953 1843 3016 mihi
1872 2953 2013 3033 contigit,
2041 2971 2081 3014 ne
2103 2972 2192 3014 unum

598 3077 718 3158 quidem
743 3075 877 3140 oblatum
899 3075 970 3138 mihi
993 3043 1056 3152 est:
1074 3077 1160 3159 quin,
1182 3076 1327 3159 quidquid
1349 3096 1448 3140 novae
1470 3076 1655 3140 substantiae
1678 3096 1785 3140 osseae
1806 3077 1939 3144 effictum
1959 3081 2051 3154 esset,
2074 3075 2116 3140 ad
2137 3075 2190 3158 pri·

599 3198 709 3262 sunum
739 3218 775 3262 os
804 3206 946 3281 tauquam
974 3200 1088 3262 ionmm
1117 3201 1222 3262 referri
1252 3220 1315 3264 nou
1338 3200 1406 3263 dieo
1436 3201 1567 3282 potuerit
1588 3201 1642 3264 sed
1665 3200 1753 3264 etiam
1776 3199 1922 3264 debuerit.
1968 3200 2070 3268 unu
2090 3219 2131 3262 ex
2151 3198 2195 3262 his

599 3321 800 3404 praeparatis,
829 3322 913 3405 quod
941 3323 973 3385 in
1001 3343 1107 3388 museo
1137 3319 1306 3388 anator'uico
1329 3326 1413 3406 regio
1436 3333 1498 3414 est,
1525 3346 1545 3387 a
1567 3327 1729 3391 Kartum
1752 3323 1804 3402 (1)
1828 3323 2011 3405 dmcriptrm
2038 3329 2131 3406 atque
2159 3322 2198 3412 sd

600 3464 742 3509 necroses
764 3463 820 3526 per
841 3452 936 3510 totam
957 3447 1120 3510 crassitiem
1143 3453 1278 3528 patentes
1299 3448 1428 3511 relatum
1450 3459 1504 3512 est.
1550 3450 1700 3515 Humerus
1722 3467 1819 3529 paene
1841 3447 1936 3512 tribua
1957 3446 2093 3528 pandus
2115 3465 2199 3512 oras-

600 3571 664 3634 sior
691 3571 788 3632 iactus
818 3573 1002 3652 sequestrem
1032 3570 1165 3654 undique
1194 3579 1364 3652 separatum
1388 3573 1521 3637 confluet
1540 3572 1728 3654 longitudine
1749 3577 1864 3654 septem
1886 3571 2051 3653 pollicetur
2078 3571 2128 3637 nte
2147 3589 2198 3636 se·

600 3701 720 3778 quester
742 3693 853 3756 ambitu
876 3694 995 3776 quidem
1018 3694 1176 3776 diaphysin
1197 3697 1313 3765 humeri
1342 3697 1478 3763 modicae
1500 3696 1710 3778 magnitudinis
1732 3715 1829 3778 paene
1851 3702 1978 3778 aequat,
2007 3695 2197 3776 amardelam

599 3837 672 3882 uero
694 3817 784 3882 habet
806 3837 943 3899 asperam
966 3825 996 3882 et
1017 3839 1182 3886 corrosam.
1227 3821 1375 3884 Extimum
1399 3822 1489 3903 igitur
1511 3821 1588 3886 ossis
1609 3828 1735 3886 stratum
1757 3827 1925 3888 montrum
1948 3833 2014 3888 nott
2035 3820 2145 3898 iuerat,
2166 3829 2204 3906 et·

601 3963 779 4026 quamquam
807 3951 915 4024 postea
943 3943 1020 4006 inter
1050 3945 1247 4026 separandam
1276 3947 1416 4014 necrosiu
1445 3946 1634 4026 resorptione
1662 3952 1759 4014 toturn
1789 3943 1907 4008 videtur
1935 3941 2068 4008 ablatum
2095 3941 2197 4018 fusse,

601 4073 696 4140 (certe
718 4066 777 4144 nil,
799 4067 879 4148 quod
903 4073 1010 4144 restat,
1033 4067 1130 4132 oculis
1153 4044 1299 4148 dignosci*
1310 4070 1441 4150 potest),
1463 4076 1562 4134 tamen
1583 4086 1830 4150 nonjpoesumus
1851 4067 1924 4150 quin
1947 4083 1985 4130 ert
2008 4086 2047 4134 eo
2069 4065 2200 4132 fismtsm

601 4209 719 4254 osseam
741 4199 900 4269 recentem,
922 4191 994 4254 licet
1015 4191 1149 4256 crassitie
1172 4191 1247 4256 duas
1270 4193 1366 4256 lineas
1389 4200 1573 4276 aequantem,
1595 4191 1773 4276 prosiluisse
1795 4191 1974 4260 arbitrentur
1990 4187 2053 4268 (2).

760 4383 801 4451 (l)
819 4387 981 4452 Kartum,
999 4387 1019 4444 l.
1038 4407 1062 4444 c.
1081 4407 1108 4454 p.
1127 4389 1171 4443 26.

759 4471 945 4540 (apsarensis
972 4479 1005 4526 ab
1032 4480 1111 4528 initio
1137 4481 1194 4528 suri
1218 4480 1348 4528 dissimile
1366 4480 1479 4542 cuipiam
1499 4479 1635 4540 sirlestur,
1663 4481 1772 4524 stratum
1790 4489 1896 4525 oneum
1915 4483 1968 4524 tam
1985 4475 2058 4524 ‘exue
2076 4477 2203 4528 anilem

602 4581 670 4618 nero
688 4564 742 4614 essi
760 4570 847 4612 mutae
866 4565 993 4614 crassitiei
1011 4568 1171 4636 mingendi».
1210 4568 1307 4618 Verum
1325 4577 1429 4634 reputes
1449 4569 1546 4628 selim,
1564 4567 1692 4630 quinum,
1710 4566 1813 4629 copim
1830 4559 1958 4630 liquoris,
1975 4564 2024 4627 qui
2042 4577 2076 4614 ax
2093 4566 2196 4618 inflan-

602 4664 671 4704 rnsta
688 4653 778 4716 aliqua
796 4659 869 4715 parte
888 4653 1048 4718 exsudetur,
1066 4659 1220 4720 neutiquam
1238 4659 1352 4721 pendere
1370 4674 1386 4705 a
1404 4658 1520 4706 crassitie
1539 4655 1617 4718 partis
1635 4654 1827 4718 inflammatae,
1851 4661 1882 4703 ut
1899 4667 1932 4703 ex
1950 4652 2109 4710 membranis
2126 4669 2196 4706 sero·

600 4745 636 4791 sia
659 4741 819 4790 tenuissimis
836 4753 960 4810 magnam
990 4755 1066 4806 saepe
1089 4745 1188 4794 molem
1212 4747 1335 4795 enudari
1361 4753 1476 4816 conatam
1503 4742 1614 4807 deinde,
1637 4743 1695 4808 ipss
1717 4749 1803 4808 stram,
1821 4754 1894 4803 quse
1916 4741 2089 4793 exsudatione
2107 4749 2198 4794 exona

599 4837 668 4894 sunt,
686 4830 769 4880 semel
785 4833 929 4894 organissta
947 4845 1028 4880 noros
1046 4831 1163 4896 liquores
1182 4849 1215 4883 ex
1233 4851 1290 4885 sese
1304 4831 1362 4898 jam
1381 4833 1512 4884 exsudssi.
2136 4828 2140 4836 ’
