4784 5894
965 565 1041 652 1⁰1
1123 671 1132 689 ,

199 782 272 861 dae,
294 775 406 846 indolis
434 781 635 865 sypbiliticae,
670 781 727 846 snb
761 801 826 866 quo
846 777 928 866 digit.
951 781 1083 868 l-l}
1116 783 1190 848 attia
1223 785 1255 848 in
1283 786 1443 869 superficie
1472 787 1622 852 antenore
1650 787 1801 867 interiore,

196 926 275 990 quae
297 906 441 970 musculis
462 927 526 970 non
548 907 713 988 obtegitur,
734 912 836 971 tumor
865 907 1030 990 oblongus,
1058 906 1167 987 durus,
1190 915 1280 993 atque
1308 909 1386 974 intra
1408 929 1478 974 eum
1499 911 1577 974 alter
1597 911 1666 974 huic
1686 911 1800 990 similis,

195 1030 250 1093 sed
272 1030 371 1093 minor
390 1029 648 1111 conspiciebatur,
670 1031 747 1094 cutis
769 1038 893 1095 externa
914 1032 1035 1116 quidem
1056 1033 1159 1114 specie
1180 1033 1227 1096 bis
1249 1033 1326 1097 locis
1348 1035 1428 1097 haud
1444 1041 1626 1097 commutata
1649 1040 1729 1110 erat;
1751 1055 1799 1098 se·

193 1160 302 1234 parata
322 1161 423 1215 umen
445 1153 537 1216 solito
559 1151 674 1217 amnas
696 1155 863 1218 tumoribus
885 1149 995 1217 adnata
1017 1156 1194 1237 apparebat;
1218 1157 1316 1238 ipsum
1338 1177 1374 1220 os
1396 1164 1461 1221 tota
1481 1158 1640 1239 superficie
1663 1165 1724 1220 tam
1747 1177 1800 1220 ex-

193 1285 280 1339 terna
301 1297 391 1358 quam
414 1277 530 1339 iuterna
552 1295 692 1358 asperum
715 1285 788 1354 erat
809 1279 974 1342 secundum
1002 1279 1220 1359 longitudinem
1250 1280 1398 1343 sulcatum
1426 1281 1573 1362 lineisque
1602 1280 1799 1344 eminentibus

194 1400 359 1475 consitum3
381 1401 556 1482 superficies
577 1401 730 1481 posterior
750 1399 855 1480 glabra
871 1401 941 1464 'erat
961 1421 1064 1485 neque
1083 1403 1217 1485 alioquin
1239 1423 1258 1464 a
1288 1423 1396 1466 norma
1421 1404 1591 1466 recedebat.
1635 1405 1799 1485 Postquam

194 1524 268 1586 tibia
290 1524 453 1586 secundum
476 1523 692 1604 longitudinem
716 1524 844 1586 dissecta
867 1531 939 1602 erat,
961 1525 1062 1606 paries
1077 1527 1151 1605 ‘ejus
1174 1527 1309 1589 anterior
1328 1548 1384 1608 per
1405 1533 1501 1590 totum
1523 1527 1613 1589 tibiae
1636 1527 1798 1590 decursum

194 1646 326 1710 crassior
348 1646 596 1728 conspiciebatur,
619 1666 655 1708 ac
676 1665 715 1710 eo
738 1647 857 1730 quidem
880 1647 961 1725 loco,
983 1667 1071 1731 quem
1094 1657 1195 1712 mmor
1216 1649 1380 1728 obsidebat,
1402 1651 1461 1728 ita,
1485 1657 1519 1714 ut
1539 1650 1588 1713 bic
1610 1649 1705 1712 tribus
1727 1671 1798 1730 par--

193 1770 272 1833 tibus
295 1770 427 1832 crassior
448 1777 528 1833 esset
550 1789 640 1852 quam
662 1769 763 1851 paries
784 1770 944 1850 posterior,
968 1772 1019 1852 qui
1042 1773 1212 1836 immutatus
1223 1741 1436 1854 permanserat
1484 1773 1631 1850 Medulla,
1654 1779 1798 1856 quantum

192 1895 313 1976 quidem
334 1881 366 1954 in
387 1898 481 1974 parte,
503 1891 584 1956 vasis
606 1911 706 1955 massa
726 1893 820 1954 rubra
841 1893 972 1974 repletis,
995 1894 1154 1974 dijudicari
1175 1903 1291 1977 potest,
1318 1896 1511 1977 spissitudine
1540 1902 1571 1959 et
1599 1897 1704 1959 colore
1726 1916 1798 1959 nor-

193 2017 264 2079 mali
287 2023 363 2090 erat3
387 2023 468 2078 totus
491 2015 580 2078 tubus
603 2014 776 2078 medullaris
800 2035 837 2077 ea
856 2017 991 2098 repletus
1012 2025 1077 2080 erat
1099 2025 1130 2081 et
1150 2021 1250 2101 neque'
1280 2019 1477 2101 amplificatus
1506 2037 1605 2101 neque
1628 2025 1798 2083 coarctatam

194 2159 261 2204 esse
284 2139 455 2214 videbatur}
479 2137 665 2202 accuratiore
686 2157 760 2200 xero
783 2138 976 2220 inquisitione
997 2138 1160 2204 medullam
1186 2141 1219 2203 in
1246 2139 1376 2204 medinm
1407 2143 1470 2204 lere
1499 2141 1604 2204 tubum
1625 2142 1685 2204 tela
1708 2161 1797 2204 ossea

191 2263 270 2339 laxa,
293 2283 311 2324 a
333 2261 446 2344 pariete
468 2263 619 2323 summere
639 2241 858 2342 proficiscente,
882 2263 983 2342 trajici
1005 2270 1156 2344 repertum
1179 2271 1238 2339 est3
1268 2263 1444 2345 superficies
1475 2265 1628 2346 posterior
1648 2284 1669 2328 a
1688 2283 1797 2328 norma

191 2405 255 2448 non
277 2393 453 2449 recesserat.
496 2385 600 2447 Parios
623 2385 763 2462 anterior,
785 2384 931 2462 crassior,
968 2385 1087 2449 duobus
1117 2387 1216 2450 stratis
1246 2388 1324 2450 inter
1345 2406 1379 2450 se
1401 2387 1529 2450 diversis
1552 2387 1797 2466 constituebatur,

192 2519 317 2572 externo
341 2508 509 2584 durissimo,
532 2497 588 2570 sed
609 2507 746 2570 tenuiore
770 2507 862 2592 (Tab.
887 2509 925 2570 11.
947 2483 997 2588 dg.
1021 2508 1050 2572 l.
1074 2507 1147 2593 co),
1169 2511 1287 2575 mtarno
1310 2510 1601 2594 aliquanto-laxiore,
1623 2511 1676 2573 sed
1691 2528 1798 2573 crasso

192 2631 274 2712 (bb).
318 2633 353 2692 ln
375 2629 673 2710 intemoopelentis,
696 2630 769 2712 quin
780 2630 869 2692 nudis
881 2631 970 2693 etiam
983 2630 1089 2707 oculis,
1111 2631 1278 2708 canaliculi,
1301 2633 1450 2695 linearum
1466 2633 1603 2695 albarum
1615 2639 1645 2694 et
1659 2633 1796 2695 teramum

191 2762 254 2817 rete
276 2755 447 2829 referentes,
472 2753 605 2832 dignosci
629 2759 781 2833 poterant;
805 2751 900 2814 multo
924 2752 1018 2831 magis
1039 2755 1218 2833 perspicuae
1241 2761 1325 2816 erant
1347 2775 1437 2836 quam
1463 2755 1496 2816 in
1518 2774 1588 2818 osse
1610 2773 1706 2831 sano,
1731 2774 1795 2817 ma-

190 2878 335 2958 culasque
357 2874 538 2955 effingebant
560 2875 736 2954 amplioros;
758 2881 915 2936 externum
936 2874 1029 2938 nudis¹
1048 2875 1145 2938 oculis
1167 2894 1294 2956 prorsus
1316 2876 1444 2956 simplex
1467 2895 1533 2938 esse
1550 2877 1716 2954 videbatur,
1737 2897 1795 2940 nec

189 3001 248 3063 nisi
270 2999 359 3062 lentis
382 2968 479 3062 tortis
496 2998 608 3060 auxilio
631 2997 729 3060 lineae
752 2998 992 3078 agnoscebantur
1014 3004 1135 3075 tenues,
1165 2997 1224 3060 situ
1254 3004 1355 3060 erecto
1378 3017 1397 3060 a
1418 3004 1512 3060 strato
1542 2999 1659 3061 interno
1687 3018 1794 3062 versus

191 3123 381 3204 superficiem
404 3130 557 3184 externam
580 3129 750 3202 porrectae.
796 3121 875 3184 Satis
899 3121 1044 3182 distinctis
1072 3120 1181 3183 finibus
1210 3121 1284 3183 baec
1314 3127 1407 3184 strata
1436 3121 1473 3181 ab
1505 3121 1633 3184 invicem
1654 3129 1794 3202 separata

190 3253 284 3309 erant.
327 3245 508 3308 Particulam
531 3249 614 3307 serris
636 3249 823 3326 expromtam
845 3243 1049 3323 microscopio
1072 3244 1226 3327 inquisivi;
1248 3250 1374 3308 strabam
1396 3244 1546 3305 internum
1567 3245 1598 3306 in
1620 3244 1794 3308 universum

189 3371 286 3432 simile
309 3369 474 3450 apparebat
495 3367 678 3430 substantiae
708 3373 882 3446 compactae
911 3385 1017 3442 sauae3
1051 3367 1211 3429 canaliculi
1238 3366 1366 3430 eundem
1395 3366 1485 3430 situm
1514 3373 1603 3450 atque
1633 3367 1794 3432 decursum

190 3475 382 3570 exhibebant,
404 3491 464 3554 nisi
488 3490 570 3572 quod
593 3491 746 3573 aliquanto
770 3491 932 3571 ampliores
955 3496 1040 3552 erant
1061 3491 1215 3574 magisque
1238 3490 1276 3552 ab
1298 3491 1427 3552 invicem
1448 3490 1610 3564 distabant;
1644 3491 1792 3556 instrato
1889 3513 1892 3518 ·

187 3635 294 3680 verum
317 3623 442 3678 externo
465 3612 624 3676 canaliculi
647 3613 742 3674 multo
765 3615 917 3690 arctiores,
940 3614 994 3675 sed
1017 3619 1047 3674 et
1068 3613 1126 3693 ipsi
1147 3613 1276 3676 lamellis
1300 3614 1498 3676 concentricis
1529 3613 1628 3692 cincti,
1652 3613 1791 3678 ameno·

189 3759 260 3802 nem
282 3757 408 3820 prorsus
431 3737 611 3799 contrariam
634 3735 845 3810 ostendebant;
879 3735 910 3798 in
944 3735 1079 3798 sectione
1108 3741 1168 3796 tam
1198 3742 1369 3798 transversa
1391 3753 1480 3818 qaam
1502 3735 1713 3813 longitudinali
1735 3753 1790 3798 eos

188 3869 273 3926 recto
295 3863 358 3926 lere
380 3862 511 3923 decursu
534 3865 669 3920 astrata
693 3859 810 3920 interno
831 3876 938 3920 versus
961 3857 1124 3936 marginem
1146 3861 1302 3918 externum
1325 3875 1504 3938 procurrere
1532 3855 1610 3930 vidi3
1642 3855 1792 3938 porticale

188 4007 208 4050 a
228 3985 387 4068 superficie
410 3984 535 4057 abscisa,
557 3981 647 4044 iidem
670 3981 825 4056 foramina,
847 3981 928 4043 striis
951 3979 1150 4042 concentricis
1173 3978 1357 4041 circumdata
1387 3978 1594 4042 ostendebant.
1638 3979 1675 4040 ln
1696 3979 1791 4060 parti·

188 4111 258 4174 cula
279 4110 367 4174 aoidc
389 4106 623 4171 mur.'emollita
645 4125 681 4166 ao
701 4123 759 4185 per
778 4103 900 4186 longius
922 4109 1039 4186 tempus
1062 4111 1212 4165 macerata
1231 4103 1414 4166 luculentius
1436 4103 1526 4165 etiam
1554 4103 1629 4164 baec
1650 4100 1789 4165 differem

189 4235 231 4298 tia
258 4233 514 4315 conspiciebatur;
546 4237 672 4295 suatum
705 4229 855 4290 internum
886 4227 966 4290 loliis
995 4226 1194 4290 concentricis
1224 4232 1411 4290 constructa.
1426 4224 1599 4303 videbatur,
1632 4231 1789 4290 externum

188 4359 334 4424 librosum
357 4355 528 4436 apparebat,
551 4361 640 4436 atque
662 4353 764 4428 librae,
787 4357 928 4433 tanquam
950 4369 1116 4430 scoparum·
1134 4357 1224 4426 setae,
1246 4349 1306 4411 sita
1329 4353 1430 4410 erecto
1452 4353 1546 4411 strato
1575 4348 1694 4412 interno
1716 4349 1789 4412 insi-

188 4483 313 4554 debant;
352 4478 396 4539 nil
425 4483 523 4540 autem
554 4477 636 4540 aliud
666 4495 756 4559 quam
780 4473 965 4537 canaliculos
996 4471 1034 4534 ab
1063 4471 1192 4535 invioem
1214 4477 1373 4551 separatos
1401 4472 1458 4533 bae
1485 4471 1579 4532 librae
1609 4471 1788 4534 referebant

185 4607 271 4671 llaec
293 4599 458 4664 differentia
479 4599 556 4660 inter
577 4605 756 4661 structuram
779 4594 974 4672 intercedens,
995 4594 1080 4658 varia
1100 4593 1218 4656 ratione
1237 4599 1332 4656 strata
1351 4593 1406 4656 illa
1436 4593 1634 4670 conformari,
1662 4593 1787 4658 conclu·

187 4731 259 4792 dere
281 4743 339 4788 nos
357 4722 457 4802 jubet;
481 4727 579 4802 atque,
600 4741 668 4782 mea
689 4705 813 4802 quidem¹
830 4719 987 4796 sententia,
1008 4721 1136 4780 stratum
1156 4723 1312 4780 externam
1334 4735 1373 4778 ex
1401 4715 1598 4778 exsudatione
1619 4715 1786 4778 inflamma·

186 4853 273 4932 toria,
294 4865 372 4934 quae
393 4846 428 4908 tit
448 4845 480 4908 in
501 4843 769 4926 supernatasse,
792 4850 892 4907 oram
913 4842 1014 4922 trabit,
1032 4841 1184 4905 internum
1203 4859 1279 4906 vero
1300 4859 1342 4904 ex
1366 4836 1464 4922 ipsius
1483 4837 1563 4902 ossis
1583 4837 1785 4904 intumescen-
