4768 5894
1376 593 1456 668 222

620 809 805 872 subtractum
837 814 927 888 atque
948 811 1073 866 externo
1094 801 1187 866 latere
1210 801 1374 883 superioris
1397 801 1486 864 silum
1508 809 1590 877 erata
1622 801 1762 882 superius
1797 809 1896 864 cutem
1926 801 2020 866 latere
2047 801 2145 866 cruris
2171 802 2216 866 in-

621 941 707 994 terno
731 932 906 1012 perforarat,
930 937 1018 1010 atque
1040 947 1111 1007 pars
1134 929 1209 1005 ejus,
1232 926 1308 988 duas
1330 926 1449 990 circiter
1470 925 1566 988 lineas
1588 926 1688 1006 longa,
1710 944 1728 986 e
1748 925 1875 988 suluere
1897 933 2083 1007 supputante
2105 925 2218 1006 promi-

618 1055 709 1117 nebat
741 1061 771 1116 et
803 1059 938 1115 emanue
970 1052 1110 1132 siccaque
1145 1059 1219 1114 erat.
1274 1050 1419 1112 Praetura
1447 1049 1541 1112 libere
1570 1049 1667 1112 mbae
1694 1049 1811 1112 moveri
1850 1055 1985 1130 potarat,
2018 1069 2117 1132 neque
2144 1067 2217 1112 vero

620 1177 776 1258 crepitatio
799 1175 1027 1256 percipiebatur.
1073 1174 1167 1248 Cutis,
1190 1173 1322 1254 exceptis
1345 1172 1480 1254 partibus
1501 1171 1639 1254 proxime
1661 1171 1701 1234 ad
1722 1171 1833 1235 vulnus
1854 1171 1937 1246 sitis,
1959 1172 2077 1234 solitam
2101 1171 2217 1236 mobili-

619 1309 708 1364 tatem
731 1306 938 1381 recuperarat:
961 1298 1017 1360 sub
1040 1317 1085 1374 ea,
1108 1297 1138 1358 in
1160 1297 1278 1358 interno
1303 1297 1399 1358 latere
1421 1295 1535 1370 cruris,
1564 1295 1642 1356 dnae
1664 1295 1892 1375 reperiebantur
1911 1295 2054 1376 capsulae
2083 1295 2122 1358 ab
2144 1297 2218 1358 urvi-

618 1445 684 1488 cem
707 1426 870 1503 sejunctae,
892 1421 1025 1503 nudique
1047 1421 1211 1501 parietibus
1235 1439 1344 1499 magna
1365 1437 1508 1481 vasorum
1531 1418 1620 1498 copia
1642 1418 1794 1482 instructis
1816 1417 1946 1494 clausae,
1967 1438 2045 1500 quae
2067 1419 2217 1484 materian

619 1549 813 1612 continebant
835 1553 978 1620 tenacem,
1002 1564 1166 1620 caseosam,
1188 1543 1330 1605 materiae
1353 1541 1562 1605 tarberrulosae
1584 1541 1696 1604 crudae
1718 1541 1907 1618 simillimam,
1927 1543 2027 1624 neque
2047 1541 2217 1606 ullameum

620 1673 736 1733 interno
762 1671 863 1751 aliquo
887 1689 962 1731 cavo
986 1689 1043 1748 pus
1066 1667 1236 1728 continente
1259 1665 1501 1729 communionem
1523 1665 1679 1728 hebebant.
1725 1664 1860 1728 Museutt
1882 1665 1978 1730 multo
2000 1673 2086 1730 erant
2103 1665 2218 1730 tenuie

622 1816 669 1856 res
693 1793 823 1876 qnamin
837 1791 1023 1853 extremitate
1043 1810 1117 1852 sana
1132 1800 1162 1851 et
1183 1789 1255 1852 satis
1280 1801 1360 1850 arete
1383 1789 1460 1850 inter
1481 1808 1515 1850 se
1537 1789 1750 1861 cohaerebant;
1771 1807 1870 1870 neque
1892 1789 1989 1850 minus
2011 1789 2148 1852 tendines
2171 1809 2220 1851 ex-

619 1929 772 1978 tensorum
797 1923 826 1976 et
848 1917 994 1976 flexornm
1019 1913 1104 1994 pedis
1130 1921 1210 1974 arcte
1234 1931 1301 1974 cnm
1326 1909 1629 1975 ossocobaerebant.
1673 1908 1840 1991 Diligenter
1858 1910 1904 1974 his
1926 1911 2064 1974 omnibus
2086 1911 2218 1992 partibus

619 2040 773 2120 separatis,
798 2039 953 2099 amborum
976 2038 1210 2118 fragmentorum
1235 2039 1309 2098 fines
1332 2035 1505 2098 rnernbrana
1527 2055 1638 2112 crassa,
1661 2055 1700 2097 ex
1721 2034 2036 2112 rubicundo-albida,
2064 2037 2146 2098 vasis
2174 2043 2217 2098 sat

619 2163 790 2226 abundante
813 2160 1076 2241 conspiciebantur
1099 2160 1285 2236 circumdati,
1310 2179 1386 2240 quae
1409 2160 1447 2221 ab
1470 2159 1565 2222 altera
1588 2165 1681 2240 parte,
1703 2177 1810 2222 uersus
1821 2158 1973 2235 articulos,
1995 2160 2024 2222 in
2038 2160 2216 2250 periostennr

618 2287 775 2359 transibat,
805 2285 844 2345 ab
876 2284 970 2345 altera
992 2285 1225 2363 fragmentorum
1250 2283 1325 2343 lines
1348 2281 1389 2342 ita
1410 2282 1488 2343 inter
1509 2302 1543 2344 se
1562 2283 1723 2362 jungebat,
1752 2289 1785 2346 nt
1814 2282 1964 2346 mobilitas
1992 2282 2114 2348 illorum
2144 2284 2218 2348 inter

613 2431 651 2471 <se
689 2429 753 2470 non
787 2407 876 2486 plane
910 2406 1030 2466 sublata
1054 2412 1142 2466 esset
1193 2406 1278 2466 llanc
1313 2405 1513 2466 membranam
1548 2405 1580 2468 in
1612 2407 1780 2488 fragmento
1797 2406 1955 2468 interiore
1995 2427 2087 2488 quum
2121 2405 2217 2484 incidi,

620 2531 775 2612 paululum
798 2527 883 2608 puris
907 2527 1054 2609 prorupit
1077 2535 1106 2590 et
1130 2547 1236 2590 mrum
1260 2534 1385 2605 arctum,
1408 2527 1544 2590 clausum
1565 2529 1619 2590 illa
1640 2529 1814 2592 membrana
1836 2529 1936 2610 effingi
1959 2538 2217 2610 eonspeemnet,

620 2656 648 2716 in
672 2653 754 2736 quod
777 2672 855 2732 apex
878 2650 1043 2730 fragmenti,
1068 2650 1241 2732 ceteroquin
1265 2649 1362 2726 albus,
1384 2651 1496 2731 glaber,
1520 2669 1581 2715 nen
1604 2659 1748 2727 mutatus,
1772 2653 1943 2716 imminebat
1963 2654 2052 2718 mum
2073 2653 2217 2718 liuennam

616 2777 726 2858 spatio.
771 2777 851 2839 Infra
873 2775 953 2836 lrunc
974 2775 1075 2837 locum
1099 2775 1272 2836 membrana
1295 2783 1376 2837 arcte
1399 2775 1462 2838 ossi
1490 2795 1610 2838 annena
1635 2785 1699 2838 erat
1728 2787 1825 2860 atque,
1849 2778 1907 2840 lroe
1936 2777 2032 2857 ipsum
2055 2777 2218 2843 substantia

620 2921 709 2965 ossea
720 2920 825 2962 recens
838 2907 904 2960 orta
917 2899 1078 2960 obductum
1092 2898 1265 2979 apparebat.
1310 2899 1335 2960 E
1351 2896 1507 2979 superiore
1519 2907 1603 2980 parte
1614 2900 1705 2978 bnjua
1717 2899 1782 2964 cavi
1805 2899 1911 2964 ductus
1934 2901 2053 2982 qnidam
2077 2909 2217 2982 augustus

617 3047 654 3087 ex
677 3026 801 3106 obliquo
823 3041 930 3085 versus
953 3021 1041 3084 finem
1065 3023 1221 3101 fragmenti
1243 3021 1407 3102 superioris
1419 3022 1604 3097 decurrebat,
1627 3025 1714 3102 cujus
1738 3043 1775 3086 ee
1796 3043 1876 3104 pars,
1899 3043 1976 3106 quae
1993 3025 2128 3088 inferiori
2141 3028 2216 3106 frag-

619 3156 718 3208 mento
742 3145 871 3208 obversa
893 3152 970 3219 erat,
991 3143 1048 3206 sub
1070 3145 1251 3221 membrana,
1275 3165 1363 3227 qnam
1387 3145 1457 3222 dixi,
1480 3145 1582 3208 itidem
1594 3146 1881 3228 quatuorliuearnm
1893 3149 1993 3228 spatio
2006 3147 2120 3230 glabra,
2143 3151 2217 3226 alba,

619 3289 681 3331 non
704 3275 815 3330 mutata
837 3267 1002 3348 apparebat
1024 3275 1054 3330 et
1075 3287 1151 3348 pure
1167 3239 1358 3342 ⁸alluebatur;
1391 3269 1486 3332 latere
1507 3289 1581 3332 vero
1611 3268 1690 3338 bule¹
1707 3271 1851 3350 opposito
1879 3289 1975 3354 usque
2004 3291 2056 3348 eo,
2087 3294 2151 3356 qno
2179 3295 2216 3336 ex

619 3397 686 3454 cute
709 3391 911 3471 prominebat,
942 3393 1138 3469 fragmentum
1162 3391 1300 3471 superius
1329 3398 1410 3454 arcte
1440 3412 1508 3454 cum
1536 3392 1670 3472 partibus
1699 3393 1842 3456 mollibus
1871 3396 2053 3460 cohaerebat
2080 3417 2215 3482 rrovaque

618 3514 784 3578 substantia
806 3531 908 3574 oscas
919 3512 1081 3573 obductum
1105 3519 1177 3574 erat.
1223 3516 1358 3594 Utroque
1381 3516 1548 3594 fragmento
1571 3537 1626 3596 per
1655 3514 1872 3598 longitudinem
1895 3529 2049 3598 perseete,
2070 3521 2215 3602 superins,

618 3639 719 3722 quoad
742 3644 869 3700 excute
892 3635 1089 3717 prominebat,
1112 3644 1279 3699 emortuum
1302 3657 1369 3700 esse
1392 3639 1544 3720 apparuit;
1563 3641 1687 3724 jamque
1709 3661 1781 3722 pars
1803 3649 1940 3708 emortua
1954 3661 2045 3706 crena
2062 3645 2215 3726 satispro

618 3763 710 3824 funda
733 3781 752 3822 a
773 3760 891 3842 reliquo
915 3779 984 3822 osse
1008 3759 1241 3836 discernebatur,
1263 3768 1292 3822 et
1315 3762 1427 3824 canalis
1450 3763 1624 3828 medullaris
1647 3765 1717 3827 inde
1740 3765 1778 3826 ab
1799 3765 2032 3828 noctemnom
2049 3767 2213 3833 substantia

617 3903 707 3947 ossea
728 3903 853 3962 prorsus
877 3883 1052 3946 obliteratus
1076 3890 1157 3960 erata
1181 3892 1304 3946 externo
1327 3904 1402 3948 vero
1424 3886 1536 3964 latere,
1560 3888 1726 3966 fragmento
1755 3887 1889 3952 inferiori
1911 3888 2050 3966 obverso,
2072 3893 2217 3971 necrosis,

616 4003 719 4088 quoad
740 4003 819 4066 ossis
842 4005 1016 4084 superficies
1039 4025 1058 4066 a
1078 4007 1230 4086 periosteo
1254 4007 1403 4070 defrudata
1414 4028 1490 4088 pure
1501 4009 1677 4087 alluebatur,
1696 4017 1820 4074 exterma
1841 4019 1920 4086 erat;
1943 4032 1999 4094 per
2021 4023 2115 4078 tntum
2138 4017 2217 4082 ossis

619 4128 762 4208 parietem
785 4125 871 4190 limes
894 4125 973 4188 inter
994 4135 1109 4206 partem
1131 4128 1230 4190 vivam
1255 4139 1343 4212 atque
1366 4137 1530 4193 emortuam
1559 4131 1601 4194 ita
1623 4135 1805 4215 conspicuus
1826 4143 1904 4212 erat,
1933 4143 1967 4200 ut
1989 4136 2072 4202 brevi
2092 4140 2218 4220 extolia-

616 4251 730 4312 tiouem
752 4252 881 4312 fumram
904 4250 995 4313 fuisse
1018 4259 1185 4332 appareret.
1230 4252 1326 4314 Etiam
1357 4255 1553 4334 fragmentum
1583 4257 1706 4322 inferius
1735 4257 1767 4320 in
1796 4258 1980 4328 altudinem
2009 4260 2107 4326 lineae
2129 4265 2216 4328 unius

619 4380 682 4436 toto
705 4371 816 4434 ambitu
840 4381 1007 4436 emortuum
1030 4385 1109 4450 erata
1143 4395 1162 4437 a
1190 4375 1343 4458 quoinde
1374 4377 1445 4440 loeo
1474 4380 1587 4442 canalis
1611 4379 1785 4448 neduttarts
1818 4403 1899 4448 nova
1931 4384 2096 4452 substernis
2130 4405 2216 4450 ossea

616 4495 794 4560 obliteratus
817 4495 981 4574 apparebat
1004 4478 1196 4580 internusque
1220 4501 1319 4582 paries
1341 4501 1428 4564 vivus
1452 4509 1617 4574 nranserat,
1639 4523 1731 4584 quum
1755 4505 1940 4573 extrinsecus
1963 4509 2108 4584 nemesis,
2130 4511 2215 4592 paul-

618 4619 700 4680 latim
724 4617 864 4697 crassitie=
873 4616 1048 4680 decrescens
1072 4630 1194 4685 eatenus
1217 4633 1342 4706 pateret,
1366 4627 1467 4708 quoad
1489 4625 1663 4705 superficies
1684 4627 1836 4692 denudata
1858 4637 1939 4702 eram
1961 4647 2063 4706 creata,
2084 4633 2160 4704 flues
2171 4635 2215 4698 iu·

618 4751 663 4802 tar
685 4742 782 4803 vivam
807 4747 1030 4822 emortuamque
1047 4753 1163 4822 partem
1186 4749 1381 4824 constituens,
1405 4747 1559 4810 nranifeste
1582 4748 1612 4809 in
1634 4749 1692 4814 boc
1716 4771 1838 4835 quoque
1859 4755 2025 4834 fragmento
2048 4757 2215 4838 conspicie-

618 4865 712 4941 batur,
735 4864 805 4925 licet
828 4884 890 4926 non
915 4871 1071 4945 tantopere
1094 4869 1233 4946 perfecta,
1256 4890 1345 4951 quam
1368 4867 1399 4930 in
1422 4871 1587 4950 stagrnnno
1611 4874 1777 4955 superlore:
