4856 5896
1385 529 1439 609 12

607 746 804 810 Rarissimum
827 743 947 806 deurunr
969 743 1205 824 hyperostoseos
1227 739 1415 819 universalis,
1438 740 1624 804 omniafere
1646 759 1717 806 ossa
1737 741 1796 805 viri
1818 760 1968 807 annorum
1988 743 2092 826 viginti
2114 752 2145 808 et
2164 763 2213 812 ss·

609 877 690 952 ptem
712 868 898 951 occupantis,
920 864 1090 946 exemplum
1112 865 1358 929 commemoravit
1379 862 1481 928 Nost
1503 862 1570 950 (1),
1592 864 1675 951 qood
1696 867 1791 930 Otto
1814 863 1869 952 (2)
1896 866 2010 949 pluries
2040 868 2072 932 lu
2100 868 2214 934 seeleto

609 993 789 1073 gallinarum
812 1011 881 1055 sese
903 987 1083 1053 observasse
1104 990 1203 1054 refert.

674 1203 705 1268 2.
752 1201 1069 1286 Hypertrophiae
1091 1200 1298 1278 medullae,
1318 1200 1370 1264 vel
1392 1202 1580 1284 expansio
1604 1163 1914 1268 ca'naliculorum
1937 1223 2142 1268 esseorum.

770 1363 803 1424 ln
827 1360 1002 1424 canaliculis
1023 1360 1206 1424 substantiae
1227 1366 1401 1443 compactae
1423 1362 1524 1441 mtq‘or
1544 1360 1645 1424 existit
1670 1361 1763 1444 copia
1792 1359 1950 1441 medullae,
1973 1362 2103 1447 indeque
2124 1383 2212 1428 cana-

609 1485 695 1552 liculi
715 1486 758 1550 ita
780 1484 1011 1567 amplificantur,
1033 1492 1067 1548 ut
1088 1484 1120 1546 in
1142 1483 1236 1548 cellas
1258 1485 1376 1562 abeunt,
1398 1483 1537 1567 ossisqne
1559 1482 1703 1550 volumen
1724 1491 1881 1566 augeam.
1931 1485 2123 1552 Substantias
2145 1507 2215 1552 cor-

609 1612 723 1676 tieosae
745 1610 778 1672 in
799 1609 996 1691 spongiosam
1018 1607 1178 1674 conversio
1200 1606 1263 1688 (3),
1284 1609 1323 1672 de
1345 1627 1407 1692 qua
1426 1626 1522 1689 supra
1542 1627 1613 1690 pag.
1636 1606 1680 1672 dt)
1703 1607 1816 1672 dicum
1836 1615 1890 1688 est,
1912 1604 2052 1674 adhunc
2072 1611 2214 1679 morbum

608 1729 727 1796 videtur
748 1734 913 1814 pertinum
936 1737 1026 1815 atque
1048 1732 1138 1794 etiam
1159 1731 1342 1812 Howslrip
1363 1731 1418 1814 (4)
1450 1730 1561 1800 uuus
1582 1730 1698 1797 ossium
1724 1731 1966 1796 intumescentiae
1988 1753 2102 1812 exeo,
2128 1735 2214 1818 quod

609 1858 702 1920 omnia
725 1855 875 1920 medullae
898 1855 989 1937 eopia
1010 1855 1042 1918 in
1064 1855 1239 1920 cauliculis
1261 1861 1444 1933 secernatur,
1466 1855 1615 1935 originem
1633 1854 1748 1920 ducere
1769 1855 1977 1920 arbitrabatur.
2031 1858 2132 1923 Gausa
2159 1859 2213 1922 ba·

609 1979 707 2044 banda
729 1987 775 2044 est
797 1979 912 2044 diuinas
934 1978 996 2042 ossi
1019 1978 1219 2059 adjacentium
1240 1979 1376 2054 irritatio,
1397 1985 1432 2042 ot
1453 1976 1559 2043 ulcera
1579 1978 1744 2044 inveterata
1765 1985 1823 2042 eto.

1251 2189 1282 2254 3.
1305 2190 1573 2254 Inflammatio.

771 2351 878 2414 Differt
901 2350 938 2412 ab
960 2349 1176 2430 hypernopnia
1198 2369 1252 2426 co,
1281 2349 1364 2432 quod
1386 2351 1459 2414 haec
1481 2348 1549 2414 sola
1571 2349 1784 2416 assimilatione
1806 2358 1894 2412 aucta
1915 2352 2064 2428 exoritur,
2092 2353 2211 2420 iudam-

609 2476 702 2552 matio
724 2494 798 2536 vero
821 2494 889 2536 oum
913 2471 1082 2536 turbatione
1109 2473 1296 2549 nutritionis,
1325 2473 1478 2553 sanguinis
1508 2473 1539 2536 in
1567 2475 1649 2540 vasis
1679 2475 1867 2554 stagnatione
1896 2483 2043 2558 auctaque
2072 2477 2213 2543 materiae

605 2598 755 2679 plasticae
777 2597 975 2661 exsudatione
998 2597 1161 2676 conjuncta
1183 2602 1229 2658 est
1251 2594 1318 2679 (5).
1363 2593 1495 2671 Fibrina,
1528 2617 1606 2680 quae
1628 2598 1660 2660 in
1682 2617 1866 2678 organorum
1887 2600 1951 2663 siue
1980 2599 2211 2682 parencbymatc

609 2723 672 2784 sivo
695 2720 855 2801 superficie
877 2720 1050 2794 exsudetur,
1073 2720 1160 2781 novis
1183 2719 1264 2781 vasis
1287 2719 1317 2782 in
1340 2738 1376 2782 ea
1398 2719 1612 2798 exorientibus,
1635 2740 1713 2803 quaa
1736 2741 1805 2784 curn
1826 2721 1907 2786 vasis
1929 2725 2060 2804 partium
2072 2727 2211 2806 proxime

610 2844 811 2924 adjacentium
835 2847 953 2919 cedunt,
981 2843 1060 2906 vitae
1081 2842 1204 2924 quidem
1227 2843 1387 2922 organicae
1415 2842 1449 2904 lit
1468 2844 1641 2925 particeps,
1670 2863 1768 2927 neque
1796 2865 1870 2910 uero
1900 2853 2079 2913 structuram
2106 2850 2212 2930 organi

612 2969 786 3034 inflammati
808 2966 990 3046 adipiscitur,
1013 2965 1043 3026 in
1066 2965 1261 3028 substantiam
1283 2965 1492 3042 muscularem,
1523 2986 1664 3030 nerveam
1687 2987 1751 3032 non
1774 2967 1850 3044 abit,
1878 2970 1932 3032 sed
1959 2971 2050 3034 telam
2078 2972 2211 3052 singula-

610 3111 681 3166 rem,
703 3091 781 3154 telae
803 3089 969 3152 oellulosae
992 3087 1197 3150 condensatae
1220 3087 1354 3150 omnium
1376 3087 1567 3168 simillimam,
1591 3091 1752 3168 constituit,
1775 3097 1809 3153 ut
1831 3092 1900 3154 talis
1922 3099 2024 3159 tumor
2045 3095 2210 3160 infiamma-

609 3215 693 3278 tione
715 3213 838 3276 effectus
860 3210 898 3271 ab
922 3209 1137 3292 hypertroplria
1159 3209 1300 3272 facillime
1323 3211 1525 3290 dignosonnu.
1570 3210 1669 3276 Aliter
1690 3232 1764 3277 vero
1787 3233 1836 3278 res
1858 3235 1892 3278 se
1914 3216 2003 3281 babet
2025 3219 2056 3280 in
2078 3219 2210 3292 ossibus;

611 3335 772 3418 inquibus
795 3333 877 3416 quod
900 3332 1077 3394 exsudatum
1105 3339 1151 3394 est
1179 3332 1305 3397 fibrinae
1334 3334 1366 3396 in
1395 3354 1497 3396 veram
1526 3334 1722 3398 substantiam
1746 3355 1864 3402 osseam
1888 3337 1964 3414 abit,
1997 3347 2087 3422 atque
2114 3343 2211 3406 stadia

609 3459 712 3524 minua
734 3457 944 3523 ossiticationis
966 3455 1124 3535 percurrit
1169 3454 1216 3520 aa
1238 3475 1337 3520 massa
1359 3456 1444 3518 initio
1468 3458 1531 3518 iere
1553 3458 1671 3542 aequali
1693 3477 1766 3524 vera
1787 3461 1923 3527 exoritur
1950 3463 2095 3543 cartilago
2125 3485 2210 3530 osse-

610 3707 758 3775 (exercitat.
777 3707 893 3760 academ,
913 3706 962 3758 ltu.
982 3705 1003 3758 1.
1024 3721 1047 3757 r.
1060 3703 1088 3758 4.
1109 3727 1142 3740 -·
1160 3704 1231 3760 Mna.
1251 3714 1323 3758 anat.
1342 3705 1401 3758 Vol.
1421 3705 1442 3758 1.
1461 3721 1486 3769 p.
1506 3703 1570 3756 1³9.
1588 3731 1623 3741 -
1642 3708 1699 3760 Vol.
1718 3707 1756 3770 n,
1774 3709 1806 3760 Τ.
1825 3705 1957 3778 x-xn)
1967 3723 2210 3778 commemoratum,

610 3800 680 3862 quod
698 3797 814 3846 bominis
833 3795 915 3844 iuerat
935 3803 1049 3843 staturae
1074 3795 1205 3858 pussillos,
1229 3795 1332 3863 ingenii
1350 3796 1441 3844 tenuis
1459 3803 1482 3842 at
1501 3795 1612 3857 bebetis,
1630 3811 1680 3845 nec
1699 3811 1759 3846 rere
1777 3798 1900 3866 gigantis,
1918 3801 1959 3848 uti
1976 3801 2096 3850 voluerat
2113 3803 2208 3852 Moli·

607 3901 712 3946 nerra,
731 3882 849 3946 ejusriem
867 3885 949 3934 cranii
967 3884 1117 3934 describens
1137 3899 1165 3932 os
1184 3884 1276 3932 tronus
1295 3883 1453 3948 (plrtlosopb.
1473 3891 1595 3934 tuomet.
1615 3885 1672 3934 Vol.
1692 3885 1749 3946 XV,
1767 3902 1791 3949 p.
1810 3886 1874 3936 888.
1894 3911 1930 3921 -
1947 3886 2025 3951 xxi,
2043 3905 2068 3952 p.
2087 3887 2161 3952 481).
2175 3915 2211 3929 -

608 3971 819 4029 nanceianum,
838 3971 980 4031 quadipse
1000 3979 1060 4020 ante
1079 3971 1146 4019 cirros
1163 3987 1247 4020 annos
1266 3972 1322 4020 ridi
1340 3973 1369 4020 in
1394 3986 1461 4022 mus.
1479 3979 1547 4020 anat.
1568 3971 1699 4036 erogetur,
1718 3973 1856 4036 ‹usmipsn
1875 3975 1929 4036 lig
1954 3973 2039 4037 (anat.
2068 3979 2208 4043 lienbacbt.

608 4059 675 4126 l'rag
694 4053 786 4120 182t),
803 4063 832 4106 et
847 4057 922 4106 aliud
941 4057 1019 4118 plane
1037 4059 1142 4122 simile,
1166 4060 1341 4121 quadratio
1359 4074 1448 4113 metten
1467 4059 1631 4124 Baeculam,
1656 4061 1817 4126 ‹letoriptaun
1834 4071 1874 4110 est
1889 4078 1907 4111 a
1923 4062 2060 4127 liujano⁴
2073 4066 2208 4132 (Erariaps

609 4149 731 4200 lt'otizen.
750 4146 798 4198 lid.
818 4143 1011 4208 xv,p.129).

770 4233 810 4296 (l)
830 4233 918 4282 Noui
938 4236 965 4282 iu
985 4235 1063 4284 lieux
1077 4229 1169 4294 junrn.
1189 4233 1222 4282 de
1240 4234 1307 4298 me'd,
1329 4233 1406 4287 l't'tt.
1425 4234 1495 4282 illata
1514 4247 1541 4296 p.
1560 4233 1622 4284 22⁵.

768 4323 807 4370 Ci.
828 4323 982 4384 bleckel,
1001 4323 1100 4387 patbol.
1120 4323 1195 4374 dunt
1216 4323 1264 4374 uu.
1284 4321 1459 4386 11,‚a1nu,1.
1478 4340 1503 4387 p.
1522 4321 1585 4384 218.

769 4407 810 4471 (2)
830 4411 910 4455 (lito
930 4411 948 4460 l.
968 4427 990 4461 e.
1011 4429 1036 4474 p.
1057 4409 1117 4472 152,
1137 4418 1197 4458 nuta
1215 4408 1242 4462 5.
1751 4431 1755 4440 ·

770 4495 809 4559 (8)
830 4497 868 4546 l'l.
888 4495 1110 4558 Weidrnann,
1130 4499 1162 4548 ale
1182 4500 1284 4551 neerrrai
1301 4499 1412 4551 oasirun.
1447 4499 1574 4553 francet
1593 4497 1671 4551 17⁹³.
1691 4499 1753 4550 Tala.
1773 4503 1817 4550 w.

770 4584 914 4643 floarpa,
931 4584 952 4636 1.
971 4599 994 4631 c.
1013 4584 1078 4636 raa.
1099 4585 1141 4644 li',
1159 4588 1202 4646 fig.
1223 4587 1248 4640 1.
1278 4611 1312 4622 -
1336 4587 1502 4650 liaustu,
1522 4587 1597 4653 acad,
1616 4603 1669 4650 ray.
1689 4589 1722 4636 de
1740 4590 1805 4640 ebir.
1824 4591 1856 4639 Τ.
1875 4591 2209 4670 1Ί11.-Ῥτο)ι(ῃευο

609 4674 809 4739 Benlaoelrtung.
830 4688 856 4721 u.
876 4671 1005 4718 versutiae
1025 4671 1070 4723 tib.
1088 4671 1114 4718 rl.
1133 4670 1280 4740 lincoln-ri,
1308 4676 1434 4743 berarrsg.
1454 4690 1479 4728 v.
1499 4675 1546 4728 Dr.
1563 4674 1589 4724 J.
1607 4677 1640 4728 A.
1661 4692 1686 4734 νζ.
1706 4676 1935 4743 Schoenberg,
1968 4680 2102 4750 lirlangen
2128 4684 2207 4746 1828,

608 4779 668 4830 μς.
689 4761 741 4814 123
759 4769 785 4810 et
805 4758 866 4810 126.
1323 4770 1327 4778 ’

769 4843 811 4910 (4)
831 4846 1012 4908 tiowalaip,
1035 4846 1057 4898 1.
1075 4861 1099 4899 e.
1118 4861 1143 4910 p.
1163 4845 1207 4902 tn.

768 4933 809 5000 (5)
828 4935 852 4984 J.
866 4933 1016 4996 Mulier,
1033 4933 1141 4992 Hanno,
1158 4937 1185 4988 d.
1204 4937 1319 5002 Plautini.
1339 4937 1387 4990 Bu.
1405 4936 1474 5000 1,1».
1491 4935 1554 4990 315.

2416 947 2420 1104 l
