4856 5896
1362 555 1414 633 74

588 773 719 858 parietes
740 773 938 848 attenuanmr,
958 771 993 830 ut
1014 765 1146 830 ubartam
1167 765 1356 848 scriptoriam
1377 763 1575 830 mmumltuo
1594 781 1660 828 nou
1680 769 1823 848 superent
1845 757 1914 852 (1).
1947 763 2031 832 llaeo
2053 763 2189 848 atroplu'a

591 898 641 963 vel
663 903 762 962 tobim
782 893 896 958 ossium
919 898 1051 973 systema
1072 889 1168 974 magis
1189 890 1326 953 minusve
1348 889 1506 972 oonipnst,
1530 889 1584 952 vel
1605 887 1724 971 singula
1745 895 1859 952 tantum
1881 888 2015 954 membra
2036 889 2192 974 quaedam,

592 1031 628 1086 ut
655 1029 726 1104 post
746 1018 903 1102 paralyses
931 1015 1069 1080 videmus
1090 1013 1154 1098 (Ξ),
1180 1013 1382 1096 vellentque
1409 1013 1530 1096 singula
1555 1019 1671 1076 tantunu
1692 1031 1765 1076 ossa
1786 1031 1930 1076 eorumve
1950 1019 2062 1095 partes.
2107 1013 2196 1078 lland

594 1165 665 1209 ram
693 1145 725 1206 in
745 1142 828 1206 eollo
858 1140 981 1204 temonis
1010 1138 1201 1216 observatur,
1230 1145 1335 1222 atque,
1364 1137 1617 1222 quemadmodum
1645 1155 1750 1200 ansam
1772 1135 1824 1199 tat
1844 1137 1997 1214 lraetmis,
2025 1139 2071 1201 sio
2092 1137 2197 1202 tuden

595 1287 718 1353 quoque
739 1267 891 1348 protertur
912 1261 982 1348 (3);
1010 1262 1164 1345 multaque
1192 1262 1316 1326 omniuo
1346 1261 1512 1342 fragilitatis
1532 1260 1647 1326 vitreae
1675 1261 1735 1323 bue
1770 1259 1928 1329 referenda
1954 1267 2025 1324 sunt
2052 1261 2199 1344 exempla.

595 1394 705 1456 Boun
726 1389 779 1474 (l)
801 1408 904 1452 casum
926 1385 1068 1450 describit
1086 1385 1249 1448 laxationis
1271 1385 1403 1463 temonis,
1424 1405 1494 1448 uum
1515 1383 1588 1448 oolli
1608 1383 1746 1465 ejusdem
1761 1385 1901 1463 fractura
1918 1387 1957 1448 'ut
1977 1384 2103 1464 violeum,
2125 1403 2200 1448 eon·

595 1518 736 1598 junctae,
762 1514 794 1578 in
823 1532 885 1596 quo
907 1511 1014 1592 eapitis
1038 1510 1161 1574 femoris
1182 1528 1222 1572 ne
1243 1510 1402 1591 vestigium
1423 1508 1544 1594 quidem
1564 1515 1717 1592 repertum
1739 1515 1798 1583 ese
1826 1507 1941 1572 eollurn
1963 1527 2083 1594 quoque
2104 1509 2200 1572 maxi·

600 1659 680 1704 mam
707 1644 823 1720 partem
852 1634 1042 1717 resorptioue
1071 1633 1204 1698 ablatum
1232 1641 1311 1712 erat,
1334 1631 1523 1696 metabulum
1550 1633 1613 1696 tere
1642 1639 1819 1706 manseram
1846 1631 1930 1716 quod
1958 1632 2106 1718 reliquum
2135 1641 2202 1697 erat

601 1763 682 1842 colli,
704 1781 774 1825 oum
796 1779 866 1824 usse
887 1759 946 1838 ilei,
964 1761 1054 1839 juxta
1075 1757 1263 1822 metabulum
1281 1763 1377 1838 vetus,
1397 1775 1511 1822 novum
1532 1755 1741 1822 ooulormabat
1761 1753 1928 1820 articulum

1169 1969 1200 2035 2.
1245 1972 1402 2049 Eroslo,
1424 1979 1639 2061 dvdpqeote.

763 2133 831 2196 lloo
852 2133 974 2196 nonnus
1000 2135 1091 2196 Otto
1114 2129 1170 2216 (5)
1193 2131 1424 2196 destruetionern
1445 2132 1539 2214 partis
1561 2133 1640 2195 ossis
1663 2137 1751 2194 auota
1772 2131 1961 2215 resorptioue
1982 2133 2127 2197 orientem
2150 2153 2203 2215 ap-

606 2257 707 2341 pellat,
728 2275 806 2340 quae
827 2263 936 2318 nubum
957 2263 1004 2318 est
1024 2256 1263 2333 inflammatoris,
1285 2262 1317 2317 et
1337 2273 1427 2340 quam
1450 2261 1538 2318 aneta
1552 2273 1699 2318 venarum
1720 2273 1951 2318 numerosarum
1981 2257 2099 2320 actione
2127 2257 2204 2320 effici

606 2381 761 2444 manifeste
783 2399 875 2461 saepe
896 2379 1090 2460 oonspieitur.
1136 2379 1245 2441 Diliert
1272 2379 1393 2442 aoerie
1415 2397 1469 2456 eo,
1496 2378 1580 2462 quud
1607 2399 1666 2460 pus
1696 2379 1728 2442 in
1757 2379 1824 2460 ipsa
1852 2399 1915 2444 nou
1943 2390 2090 2446 movetur.
2135 2379 2207 2446 Non

608 2505 684 2568 alius
707 2524 773 2568 esse
795 2504 914 2566 videtur
935 2503 987 2565 ille
1010 2501 1148 2580 morbus,
1170 2521 1260 2585 quem
1281 2504 1317 2564 B.
1340 2501 1430 2564 Rell
1452 2500 1505 2585 (6)
1527 2502 1753 2584 absorptionem
1774 2503 2006 2567 insterstitialem
2028 2505 2210 2588 nominarim,

608 2630 639 2693 in
661 2648 722 2713 quo
744 2628 928 2710 petiosteum
950 2626 1088 2704 crassius,
1111 2625 1251 2708 vasisque
1273 2625 1437 2704 abundans,
1458 2645 1592 2710 vasaque
1613 2646 1665 2705 ea,
1687 2645 1766 2712 quae
1788 2645 1827 2690 ex
1848 2627 1917 2710 ipso
1939 2628 1971 2692 in
1993 2647 2030 2692 os
2050 2635 2210 2700 transeant,

608 2753 704 2816 mutlto
727 2771 817 2834 quam
839 2751 870 2813 iu
892 2751 974 2816 sanis
996 2753 1114 2831 majora
1136 2769 1202 2813 esse
1225 2750 1310 2825 dicim
1339 2750 1424 2831 puris
1446 2750 1645 2814 secretionem
1664 2769 1729 2814 nou
1752 2750 1872 2830 adesse,
1899 2771 2030 2836 ossaque
2051 2763 2209 2833 macerata,

610 2885 761 2960 tamquam
783 2874 896 2952 cribra,
918 2877 1071 2957 perforata
1093 2893 1248 2955 apparere.
1294 2873 1391 2935 Etiam
1414 2872 1583 2956 Gloquet
1608 2873 1661 2958 (7)
1683 2873 1773 2956 hujus
1795 2875 1894 2939 morbi
1914 2875 2095 2940 mentionem
2117 2877 2212 2959 injiuit

611 3001 657 3064 bie
682 2999 797 3062 verbis:
839 2999 936 3060 »dans
967 2998 1111 3079 quelques
1144 3015 1197 3059 cas
1225 2997 1256 3057 la
1277 2997 1359 3057 carie
1388 3003 1434 3058 est
1462 2997 1568 3076 stobe,
1595 3017 1635 3059 ne
1657 2999 1771 3060 toumit
1793 2999 1881 3081 point
1901 2999 1939 3062 de
1962 3019 2034 3082 pus3
2062 2999 2132 3065 o'est
2152 3021 2213 3066 tute

613 3130 695 3186 sorte
718 3123 756 3182 de
777 3120 978 3196 vermonlure,
1000 3119 1053 3201 qui
1075 3137 1180 3182 oreuse
1203 3127 1235 3180 et
1255 3117 1385 3182 sillonne
1407 3113 1664 3200 irregnlibrement
1683 3121 1716 3183 la
1736 3123 1855 3185 surteoe
1877 3122 1931 3188 des
1953 3143 2016 3187 os·
2055 3126 2214 3190 Gausauel

613 3253 775 3308 externe
797 3249 851 3319 est,
872 3249 906 3304 ut
927 3237 1133 3318 inflammatio,
1156 3249 1303 3319 tumores,
1326 3241 1474 3324 aquibus
1496 3243 1656 3324 singularis
1679 3245 1825 3328 quaedam
1847 3246 1887 3308 ad
1909 3265 1946 3311 os
1967 3259 2153 3331 propagatur
2172 3251 2213 3314 ir·

615 3369 723 3445 ritatio,
744 3367 802 3444 vel,
824 3372 858 3428 ut
879 3365 1008 3447 saepius,
1031 3365 1201 3442 interna,
1222 3372 1256 3427 ut
1278 3365 1440 3447 scrophula
1462 3373 1622 3448 protracta,
1644 3368 1780 3450 syphilis,
1803 3371 1974 3435 omuinoma
1995 3379 2054 3436 eto
2101 3376 2145 3438 Os
2168 3383 2214 3438 ut.

614 3493 777 3576 plurimum
806 3490 843 3552 ub
871 3489 956 3552 initio
986 3488 1080 3551 multa
1109 3488 1243 3550 medulla
1275 3490 1362 3550 firma
1388 3475 1522 3570 replelur
1554 3497 1584 3552 et
1611 3491 1720 3574 plexus
1741 3494 1809 3574 ejus
1830 3495 1937 3560 venusi
1958 3493 2132 3564 dilatantur.
2165 3497 2214 3561 ln-

616 3617 733 3680 terdum
761 3635 830 3678 oum
860 3614 919 3676 boo
946 3596 1054 3676 inorbo
1084 3619 1172 3674 aneta
1200 3613 1342 3676 materiae
1363 3632 1470 3676 osseae
1494 3615 1693 3680 oonlormatio
1717 3616 1778 3679 alio
1800 3616 1937 3699 ejusdem
1958 3618 2036 3682 ossis
2058 3618 2130 3683 loeo
2153 3589 2217 3684 elti-

614 3742 674 3805 stit.
719 3740 770 3804 Sio
791 3740 827 3802 B.
851 3736 936 3800 Bell
960 3735 1014 3820 (8)
1037 3737 1190 3800 materiem
1213 3757 1331 3801 osseam
1353 3757 1459 3801 reeens
1483 3746 1619 3802 exortam
1640 3758 1695 3820 per
1716 3739 1906 3822 superficiem
1930 3742 2053 3805 femoris
2075 3743 2135 3808 lste
2163 3764 2218 3828 pa-

615 3877 686 3943 tere,
708 3873 739 3928 et
760 3871 902 3946 tauquam
923 3863 1062 3943 vaginam
1083 3861 1166 3925 eollo
1189 3862 1320 3939 femoris,
1341 3860 1538 3943 absorptione
1558 3862 1736 3926 interstitiali
1757 3870 1910 3928 attenuato
1925 3865 2137 3931 mrmmdatam
2151 3887 2220 3933 esse

617 3989 700 4050 vidit
745 3987 828 4048 ldem
851 3985 1022 4046 observarit
1042 3985 1073 4045 in
1096 3985 1255 4065 supertioie
1276 3985 1446 4065 posteriore
1466 3985 1570 4064 tibiae,
1599 3988 1687 4068 eujus
1715 3988 1816 4069 paries
1843 3989 1977 4054 anterior
2001 3990 2033 4054 in
2057 3992 2151 4056 solam
2173 4001 2219 4056 te.

619 4119 695 4174 staur
714 4117 835 4172 tenuem
857 4105 980 4168 abierat.

781 4353 823 4422 (1)
841 4357 1008 4422 nestun,
1025 4365 1095 4410 aaut.
1113 4355 1173 4420 giu.
1192 4371 1219 4421 p.
1237 4355 1303 4412 ³26.

782 4443 822 4508 (1)
843 4447 925 4496 otta
945 4445 965 4500 1.
984 4462 1008 4499 e.
1026 4461 1052 4510 p.
1071 4445 1132 4498 111.

783 4528 825 4601 (Ι)
842 4534 992 4598 hunolt,
1011 4534 1078 4586 tbea.
1090 4543 1159 4588 1111.
1172 4533 1244 4588 vttt.
1264 4535 1316 4590 tab.
1329 4532 1379 4589 ΙΙΙ.
1397 4537 1416 4589 l.
1431 4536 1456 4589 1.
1475 4537 1595 4600 tlreelx,
1612 4539 1707 4595 tab.L
1733 4542 1753 4595 t.
1772 4541 1798 4594 l.
1820 4565 1850 4578 ·-
1875 4541 1906 4596 B.
1932 4541 2014 4594 Bell
2039 4542 2060 4596 1.
2078 4543 2224 4610 epapffl.

785 4615 877 4690 (411.
896 4620 1004 4685 Bona,
1022 4621 1161 4684 desumpto
1179 4624 1295 4674 thesauri
1313 4639 1362 4675 oss.
1382 4625 1496 4680 morbus.
1514 4625 1641 4680 Humani.
1677 4631 1759 4682 Amet.
1779 4627 1858 4684 lton.
1876 4645 1902 4694 p.
1921 4629 1965 4686 19.

755 4727 758 4732 ·
784 4704 827 4778 (5)
847 4711 943 4773 otto,
960 4707 982 4760 1.
999 4725 1023 4758 a.
1041 4725 1069 4774 p.
1088 4707 1150 4764 141.

784 4795 824 4866 (b)
842 4798 934 4863 Ball,
952 4797 974 4853 l.
991 4813 1015 4848 e.
1032 4813 1060 4862 p.
1078 4795 1124 4851 54.

785 4881 825 4952 (l)
845 4888 1005 4952 (linquet,
1022 4885 1086 4943 tllet.
1104 4885 1150 4936 ta·
1168 4887 1285 4938 adenem
1302 4885 1382 4952 net,
1399 4894 1448 4941 art.
1467 4889 1548 4954 carle,
1566 4903 1592 4954 p,
1610 4887 1674 4945 m.

785 4969 828 5046 (Ε)
847 4977 942 5040 llell,
959 4975 980 5030 l.
998 4989 1023 5030 a.
1039 4991 1066 5040 p.
1085 4972 1194 5030 1111.
