4768 5894
1361 549 1444 626 228

602 768 726 844 onerat,
748 761 889 845 nutuque
908 779 973 824 nou
993 765 1109 824 motata
1129 765 1264 842 apparet
1313 760 1466 824 llaecvad
1493 765 1575 823 reete
1603 759 1827 842 intelligendam
1853 759 2113 842 regenerationem
2141 779 2203 828 mo

604 887 678 952 ximi
699 885 843 950 momenti
864 893 942 962 sunt,
963 885 1159 968 neglectaque
1179 883 1261 948 haud
1280 885 1387 973 paucis
1408 884 1440 946 in
1461 884 1518 948 hac
1540 903 1574 948 re
1597 885 1749 949 erroribus
1772 903 1876 948 ausam
1898 884 2055 948 dederunt.

764 1011 883 1073 Causae
903 1010 1041 1073 necrosis
1061 1017 1113 1072 aut
1135 1016 1316 1072 externae
1336 1016 1421 1086 sunt,
1443 1015 1477 1070 ut
1499 1009 1676 1088 concussio,
1697 1009 1855 1086 contusio,
1879 1008 2057 1088 denudatio,
2079 1007 2207 1074 voluen

566 1160 570 1172 ’
606 1143 639 1198 et
658 1136 807 1198 tractrrrae
829 1135 953 1212 ossium,
972 1133 1023 1198 vel
1046 1153 1138 1219 quum
1159 1133 1191 1195 vi
1212 1133 1331 1215 trigoris
1353 1139 1406 1196 aut
1427 1131 1537 1196 ardore
1559 1152 1630 1197 ossa
1652 1134 1856 1210 emoriunturr
1886 1139 1939 1196 aut
1958 1134 2160 1215 internae,
2180 1135 2207 1198 ai

606 1278 645 1322 ex
665 1258 773 1322 morho
795 1277 852 1340 per
871 1264 967 1322 totum
989 1275 1102 1338 corpus
1123 1257 1232 1321 diffuso
1254 1257 1389 1320 necrosis
1412 1262 1510 1319 ortum
1532 1257 1630 1320 trahit
1675 1257 1828 1321 Pertinsnt
1848 1259 1908 1320 huc
1931 1257 2103 1340 dyscrasme
2125 1277 2207 1323 com·

606 1382 721 1466 pluries
740 1384 805 1462 jam
826 1381 1005 1460 nominatae,
1026 1388 1061 1444 ut
1082 1359 1297 1462 scrophulosis,
1319 1379 1455 1462 syphilis,
1476 1382 1646 1460 scorhutos,
1670 1382 1812 1446 cachexia
1832 1382 2035 1461 mercurialis,
2057 1401 2136 1466 quae
2157 1391 2208 1446 aot

606 1527 666 1590 pro
689 1525 724 1570 aa
743 1505 831 1570 solae
851 1507 991 1570 necrosiu
1012 1505 1173 1582 inducunt,
1206 1512 1258 1569 aut
1279 1505 1428 1582 efficiunt,
1460 1511 1494 1569 ut
1526 1524 1604 1569 ossa,
1618 1505 1727 1571 leuiter
1747 1506 1837 1568 eh'am
1852 1506 1950 1570 'rebus
1973 1507 2104 1571 externis
2125 1506 2207 1572 lama

504 1649 506 1655 ⁴
607 1632 809 1708 emorianturs
831 1650 922 1712 saepe
943 1631 1032 1712 plura
1054 1631 1143 1693 simul
1171 1649 1243 1693 ossa
1270 1637 1396 1711 propter
1424 1648 1476 1692 eas
1497 1629 1619 1694 necrosi
1650 1630 1870 1714 corripiuntur,
1892 1630 1943 1694 vel
1971 1637 2077 1694 sanata
2105 1631 2207 1710 altera,

608 1756 703 1818 altera
724 1755 831 1818 existit
877 1753 1114 1820 Maedonald
1130 1754 1182 1830 (l)
1205 1753 1338 1835 puellam
1360 1759 1514 1832 memorat,
1535 1753 1832 1837 quae-indeasexto
1843 1754 2206 1820 vitaemeuseadauuum

606 1899 705 1964 usque
724 1879 844 1942 tertium
865 1879 986 1942 neorosi
1006 1879 1070 1942 tere
1092 1878 1225 1942 omnium
1247 1878 1362 1941 ossium
1384 1877 1667 1960 corporiqscilicet
1676 1878 1776 1957 ulum,
1798 1878 1874 1942 radii
1896 1885 1927 1942 et
1947 1879 2026 1942 ossis
2047 1879 2205 1962 metacarpi

609 2005 693 2085 digiti
713 2003 827 2066 minimi
848 2002 962 2080 dextri,
995 2003 1120 2066 acmmii
1141 2009 1173 2065 et
1192 2002 1297 2086 spinae
1319 2002 1477 2083 scapulae,
1499 2001 1591 2066 rdnae
1613 2009 1643 2066 et
1665 2003 1742 2066 ossis
1764 2004 1928 2086 metacarpi
1949 2003 2035 2085 digiti
2054 2003 2144 2066 medii
2164 2003 2208 2068 ι’-

606 2129 707 2206 nisui,
728 2127 839 2190 fibulae
859 2127 1030 2210 utriusque,
1053 2126 1195 2208 deinceps
1217 2133 1357 2209 correpta
1378 2127 1482 2204 tuerit,
1515 2145 1553 2189 ac
1575 2133 1732 2210 praeterea
1754 2127 1834 2190 carie
1856 2127 1989 2209 plurium
2010 2145 2210 2210 prooesmum

608 2254 801 2336 spinosorum
822 2251 982 2314 columnae
1002 2249 1179 2314 vertebralis
1199 2250 1352 2313 laborarit
1396 2249 1543 2314 Necrosis
1572 2251 1686 2314 ossium
1717 2250 1812 2314 cranii
1840 2251 1968 2314 martinae
1990 2271 2030 2314 ex
2051 2251 2209 2334 syphilide,

609 2375 801 2440 maxillarum
823 2393 861 2436 ex
883 2373 1026 2437 scorhuto
1049 2379 1080 2436 et
1101 2373 1250 2450 cachexia,
1272 2393 1349 2455 quae
1370 2373 1440 2436 huic
1463 2374 1560 2436 attinio
1583 2382 1636 2452 est
1657 2373 1829 2437 mercuriali
1851 2381 1951 2438 ortum
1972 2375 2071 2440 trahit.
2118 2378 2203 2440 Prae-

611 2505 695 2565 terea
717 2519 756 2562 ex
776 2497 890 2560 iteratis
913 2497 1074 2560 arthritidis
1096 2495 1335 2574 aoeesdonibus,
1357 2515 1394 2559 ex
1417 2497 1639 2576 rheumatismo,
1661 2503 1733 2579 post
1753 2500 1961 2562 exactem
1981 2505 2080 2579 acuta,
2102 2509 2135 2564 nt
2151 2519 2201 2564 ra·

611 2623 737 2700 riclam,
758 2621 932 2700 morhillos,
953 2619 1173 2702 impetiginibus
1196 2620 1313 2683 meante
1336 2621 1503 2699 exstinctis,
1525 2622 1685 2686 menstruis
1708 2629 1738 2686 et
1759 2622 2040 2689 haemorrhoidihus
2062 2643 2205 2708 mppres·

612 2747 663 2825 sis,
684 2747 826 2814 nemesin
848 2752 984 2809 exortam
1007 2759 1073 2808 essa
1094 2743 1259 2826 scriptores
1281 2751 1457 2808 memorant.

766 2870 811 2934 At
836 2888 912 2934 vero
938 2871 1003 2949 jam
1033 2869 1131 2932 oritur
1159 2869 1311 2951 quaestio,
1347 2889 1477 2952 quanam
1504 2869 1622 2934 ratione
1651 2869 1697 2934 hia
1727 2871 1827 2935 mosia
1856 2873 1992 2936 necrosis
2029 2871 2209 2936 inducatur?

609 2997 748 3078 ipsumne
770 3014 807 3057 os
829 3014 933 3057 earum
954 2993 986 3056 vi
1007 2993 1213 3073 contingatur,
1242 3011 1282 3054 an
1304 2992 1405 3073 potius
1426 2994 1561 3075 partibus
1583 2993 1658 3072 illis,
1690 2995 1797 3077 quibus
1821 2996 1935 3060 oasim
1956 3015 2031 3061 vasa
2052 2998 2210 3062 continen-

610 3127 676 3195 tur,
704 3117 867 3180 medullam
897 3117 966 3180 dieo
997 3123 1026 3178 et
1046 3116 1247 3197 periosteqm,
1277 3116 1435 3180 desuem
1457 3116 1508 3180 vel
1530 3117 1637 3180 saltem
1659 3117 1697 3180 ah
1719 3134 1789 3182 osse
1811 3121 1957 3200 separatis
1979 3122 2046 3200 liat,
2074 3129 2111 3186 ut
2131 3121 2209 3185 illud

611 3241 793 3306 enodatur?
821 3211 1009 3322 Scriptorum
1035 3241 1092 3302 hac
1119 3239 1159 3302 de
1185 3259 1218 3302 re
1241 3241 1405 3304 sententiae
1426 3241 1458 3303 in
1481 3240 1615 3304 diversas
1636 3247 1737 3322 partos
1760 3242 2020 3320 abecuc-verum
2039 3246 2209 3310 accuratius

612 3366 758 3448 spectami
771 3371 854 3427 certo
866 3364 1025 3444 dijudicari
1039 3363 1077 3426 de
1092 3383 1129 3426 ea
1141 3368 1264 3426 omnino
1276 3383 1339 3426 non
1360 3383 1452 3447 posse
1474 3372 1609 3446 apparet,
1630 3365 1689 3429 nisi
1711 3367 1860 3447 ejusmodi
1883 3388 1976 3435 causa
1997 3370 2045 3448 sit,
2066 3379 2101 3434 ut
2111 3371 2208 3453 ipsam

611 3491 690 3556 ossis
712 3494 891 3552 structuram
913 3495 1002 3570 atque
1023 3493 1172 3549 texturam
1194 3486 1334 3564 decimu,
1359 3488 1453 3550 veluti
1474 3490 1587 3554 ferrum
1609 3489 1751 3568 caudens,
1772 3491 2024 3556 addaminerslia
2041 3501 2073 3558 et
2089 3494 2206 3559 amilia-

611 3615 677 3678 Fac
704 3633 740 3677 os
767 3611 892 3696 aliquod
920 3611 1104 3674 denudatum
1126 3629 1209 3688 esse,
1238 3630 1315 3694 quae
1337 3610 1556 3692 simplicissima
1576 3613 1712 3676 necrosis
1735 3634 1826 3678 causa
1849 3624 1910 3695 est,
1937 3617 2005 3700 ipsa
2026 3617 2123 3684 laesio
2142 3635 2205 3682 nou

611 3739 697 3816 iacit,
725 3743 760 3801 ut
781 3757 818 3800 os
840 3736 1020 3812 emoriatur;
1043 3735 1169 3798 denunt
1192 3735 1271 3798 enirn
1292 3736 1428 3800 necrosis
1450 3743 1551 3818 potest
1571 3736 1696 3800 vulnere
1717 3758 1774 3820 por
1795 3740 1922 3822 primam
1942 3741 2138 3807 inteutiwem
2159 3763 2206 3808 aa·

610 3839 728 3937 nando}
758 3861 806 3924 sin
827 3879 890 3926 non
912 3859 1031 3924 reuuito
1052 3859 1178 3922 vulnere
1199 3859 1335 3924 necrosis
1357 3860 1471 3937 existit,
1493 3867 1593 3924 manat
1616 3861 1775 3940 dubitatio,
1804 3875 1904 3928 utrum
1926 3867 2034 3930 intesta
2053 3868 2086 3930 vi
2106 3885 2207 3932 rerum

612 3991 803 4052 cisternarum
823 3982 953 4049 vitalitas
975 3983 1056 4048 telae
1080 4003 1188 4048 osseae
1209 3984 1341 4062 tollatur,
1364 4004 1402 4048 au
1425 3991 1550 4066 propter
1571 3986 1763 4052 nutritionem
1784 4008 1847 4054 non
1870 3991 2036 4061 restitutam
2056 3992 2130 4054 haec
2145 3991 2207 4054 tela

548 4077 553 4086 '
580 4181 583 4188 ,
613 4109 784 4173 emoriatur.
828 4106 886 4169 Uhi
908 4125 1079 4188 gangraena
1100 4107 1300 4172 nosocomiali
1322 4115 1423 4190 partes
1446 4107 1554 4170 molles
1574 4127 1672 4192 usque
1694 4110 1732 4172 ad
1755 4129 1791 4175 os
1813 4113 1981 4178 destructae
2003 4121 2089 4194 sunt,
2111 4121 2206 4200 *atqua

612 4233 748 4298 uecrosis
770 4231 923 4312 exoritur,
946 4229 1043 4294 dirimi
1064 4249 1128 4294 nou
1150 4236 1258 4312 potest,
1280 4238 1381 4294 utrum
1402 4223 1574 4312 gangraena
1595 4231 1635 4295 od
1656 4233 1754 4316 ipsum
1776 4253 1812 4300 os
1834 4243 2020 4320 transgressa
2042 4259 2082 4302 au
2103 4239 2204 4322 perio-

611 4365 711 4424 steum
744 4356 929 4422 mumdum
954 4356 1154 4424 aoeusaudum
1184 4353 1231 4428 ,sis
1293 4354 1460 4420 obscurior
1488 4356 1578 4420 etiam
1611 4375 1661 4422 res
1695 4363 1742 4420 est
1773 4358 1806 4422 io
1837 4363 2013 4428 necrosibus
2046 4363 2099 4442 iis,
2128 4384 2204 4448 quae

613 4483 728 4568 absque
756 4479 891 4544 laesione
919 4487 1041 4542 externa
1070 4481 1224 4558 oriuntur3
1254 4479 1293 4542 ad
1314 4499 1389 4563 quas
1411 4487 1474 4542 tum
1496 4479 1615 4543 demum
1637 4481 1831 4562 attendimus,
1859 4502 1951 4568 quum
1973 4493 2074 4572 partas
2097 4487 2205 4552 molles

614 4579 813 4672 inflanrmataa
842 4610 873 4666 et
901 4603 1090 4668 exulceratae
1105 4610 1203 4678 ‘sunt3
1232 4611 1348 4688 partem
1378 4604 1513 4670 affectam
1540 4604 1737 4688 inquirentes,
1766 4607 1818 4670 ubi
1848 4617 1971 4674 externa
1992 4613 2039 4674 est
2059 4613 2203 4691 necrosis,

614 4731 797 4814 perioeteum
825 4727 863 4790 ah
891 4746 962 4792 ossa
991 4733 1162 4810 separatum
1190 4735 1281 4812 atque
1310 4729 1389 4792 inter
1417 4735 1576 4813 utrumque
1598 4729 1748 4815 liquorem
1769 4731 1960 4815 purulentum
1982 4735 2124 4818 effosum
2155 4739 2202 4804 sin

773 4991 816 5067 (1)
834 4996 1049 5062 Messenio,
1067 4995 1087 5054 l.
1105 5011 1130 5049 e.
1147 5009 1175 5062 p.
1192 4993 1237 5048 ²2.
