4768 5894
967 579 1050 656 Μ

193 800 292 858 nent.
334 792 423 857 Unde
446 791 600 876 seqnitur,
622 789 734 854 tubulis
756 789 937 854 substratum
959 787 1098 867 animale,
1117 785 1355 852 membranulam
1372 787 1490 852 seilicet
1512 789 1649 868 subesse,
1679 809 1804 876 eamque

190 918 235 980 in
269 918 357 981 dente
387 915 505 998 integro
531 914 663 990 materiis
698 913 804 978 terreis
832 911 975 976 imbutam
1001 912 1129 994 rigidam
1156 932 1239 990 esse,
1261 917 1295 975 ut
1315 911 1404 975 laoile
1425 914 1592 996 frangatur,
1620 915 1652 978 in
1674 914 1762 978 dente
1785 936 1804 978 a

190 1041 332 1104 materie
361 1046 460 1104 terrea
488 1039 616 1103 liberato
641 1044 745 1136 'autem
773 1036 897 1102 mollem
925 1055 1001 1101 esse
1042 1036 1108 1100 Sed
1127 1037 1161 1102 in
1181 1036 1256 1119 ipsis
1277 1035 1390 1100 tubulis
1413 1037 1551 1119 deposita
1570 1039 1681 1119 passim
1704 1039 1802 1104 inesse

191 1183 241 1226 ex
268 1161 528 1228 observationibus
550 1162 649 1226 allatis
671 1167 806 1244 apparet.

366 1287 501 1352 Maxima
522 1305 594 1369 pars
615 1285 757 1350 materiae
779 1283 934 1348 retenens
956 1285 1130 1369 ceteroquin
1151 1303 1215 1348 non
1236 1284 1268 1350 in
1290 1283 1401 1348 tubulis
1423 1285 1510 1364 inest,
1533 1283 1588 1348 sed
1610 1286 1642 1348 in
1661 1286 1802 1350 subsun-

193 1411 246 1474 tta
280 1409 459 1476 interstitiali
487 1408 678 1486 tubulorum,
707 1415 759 1474 aad
786 1408 925 1491 deposita
946 1415 999 1472 aut
1025 1409 1156 1474 oltemioe
1183 1429 1252 1473 eum
1279 1408 1452 1490 cartilagine
1479 1410 1649 1490 conjuncta
1695 1409 1802 1474 Calca-

189 1535 283 1599 riam
304 1535 336 1598 in
357 1535 415 1598 bae
436 1532 603 1598 substantia
623 1532 792 1598 distinctam
814 1535 914 1598 lacere
935 1533 1066 1616 poteris,
1091 1534 1119 1596 si
1140 1533 1266 1596 laminas
1287 1533 1412 1596 subtiles
1437 1533 1538 1596 dentis
1560 1553 1628 1596 eum
1650 1533 1711 1596 kali
1734 1554 1800 1598 oar-

188 1658 318 1722 bonito
339 1677 395 1741 per
416 1657 519 1739 plures
541 1657 633 1722 boras
655 1676 779 1742 coquas
824 1657 996 1722 Substantia
1025 1657 1220 1721 interstitialis
1250 1656 1438 1733 tubulorum,
1462 1656 1643 1740 cartilagiu‘m
1671 1659 1800 1722 maxima

184 1781 408 1866 partosoluta,
428 1799 511 1845 nuno
531 1780 726 1863 impellueida
747 1788 778 1844 et
799 1781 900 1846 albida
921 1787 1056 1866 apparet.
1099 1781 1241 1848 Laminae
1261 1800 1343 1846 aune
1361 1780 1505 1846 facillime
1526 1781 1712 1862 franguntur,
1734 1801 1798 1846 ma-

184 1907 281 1970 teria
302 1905 441 1970 oaloarea
461 1871 809 1987 granulosam'spoeiem
831 1905 931 1969 babet.

362 2027 472 2092 Fibrae
493 2026 677 2092 substantiae
698 2029 811 2096 vitreae
832 2049 896 2094 non
908 2028 1101 2107 sunttubuli,
1119 2027 1179 2092 sed
1191 2028 1330 2112 spinulae
1344 2029 1501 2093 conflatae.
1545 2031 1613 2092 lloc
1635 2030 1797 2094 oertissima

183 2159 262 2236 jam
289 2154 399 2235 julum
427 2149 587 2216 observavi
614 2152 647 2218 in
674 2151 840 2218 subeuntia
865 2154 965 2218 vitrea
986 2153 1090 2218 adhue
1117 2151 1203 2218 molli
1231 2152 1317 2216 vituli
1344 2153 1475 2216 ueousti.
1523 2151 1558 2216 lu
1580 2151 1686 2217 ultimo
1709 2153 1797 2218 deute

187 2278 313 2344 molari
339 2276 435 2341 riusa
462 2274 628 2341 substantio
655 2283 716 2340 tam
737 2277 838 2342 mollis
866 2277 964 2342 adbuo
986 2284 1049 2358 est,
1076 2283 1112 2340 ut
1133 2276 1231 2340 oultro
1254 2275 1384 2339 edente
1405 2275 1542 2358 depromi
1563 2276 1670 2358 possit.
1714 2278 1797 2344 llaec

190 2410 303 2467 autem
329 2400 495 2466 substantia
522 2399 624 2464 albida
647 2399 789 2482 pultaoea
814 2401 873 2466 sub
895 2401 1097 2484 mierosoopio
1120 2419 1158 2464 ex
1180 2399 1343 2486 innumeris
1364 2399 1488 2487 spirulis
1507 2401 1656 2482 separatis
1679 2409 1796 2465 oonstot

189 2526 311 2591 linibus
338 2524 524 2591 tenuioribus
553 2532 583 2588 et
609 2523 799 2603 acuminatis,
829 2545 907 2610 quse
935 2523 1148 2608 crystallorum
1170 2523 1266 2588 modo
1295 2523 1361 2586 lieri
1381 2542 1489 2606 posse,
1518 2523 1625 2608 aliquis
1642 2525 1794 2607 suspicari
1826 2583 1829 2592 r

190 2650 309 2732 possit.
358 2649 424 2714 llae
451 2647 587 2730 spinulae
613 2649 739 2711 motoria
766 2648 983 2728 conglutinati
1006 2651 1113 2727 juncta
1141 2647 1227 2710 tuido
1259 2647 1373 2711 aeetioo
1398 2667 1463 2710 nou
1485 2654 1546 2710 tam
1575 2647 1677 2728 troile,
1703 2649 1794 2712 iaoile

194 2778 302 2838 autem
323 2769 411 2836 acido
431 2769 590 2836 muriatioo
612 2791 681 2848 eum
703 2770 783 2834 airis
804 2770 907 2854 aliqua
927 2770 1100 2846 evolutIone
1119 2769 1179 2832 surb
1196 2767 1401 2852 ruierosoopio
1422 2769 1591 2838 solvuntur,
