4818 5896
1331 491 1405 566 142

569 705 713 778 materies,
738 704 911 786 apartibus
935 703 1076 764 mollibus
1091 701 1288 766 vinflammatis
1311 702 1483 778 exsudatae,
1507 702 1537 762 in
1560 705 1709 762 texturam
1725 699 2048 774 'celluloso-llbrosam,
2069 705 2171 760 utmo-

569 831 638 905 lent,
660 833 904 902 transmutantur,
928 835 1016 908 atque
1029 826 1204 902 intervalla,
1228 845 1305 909 quae
1328 793 1476 890 intersunt
1495 826 1576 886 ‘inter
1597 825 1771 904 lragmei'rta',
1794 823 2018 904 explerit,·dum
2035 808 2172 898 rdbsetffi,

570 951 630 1014 t'ela
654 953 802 1014 cellulosa
825 959 914 1032 atque
936 950 1120 1030 periosteum
1144 935 1308 1013 sensim'in
1332 949 1449 1012 statum
1465 949 1623 1030 ptisanam
1639 949 1787 1010 redeunt
1813 948 1979 1008 -·.'''llein
2008 947 2107 1026 ipsum
2122 963 2173 1007 'os

572 1076 803 1137 inflammatione
824 1073 994 1154 corripitur,-
1018 1074 1147 1155 primum
1171 1075 1290 1157 quidem
1314 1075 1349 1136 iis
1373 1057 1459 1148 locis,
1483 1071 1590 1155 quibus
1615 1073 1768 1153 sauguinis
1791 1057 2172 1151 alamus³³at4ue=untriao

574 1219 635 1262 uon
659 1199 774 1260 turbata
798 1209 875 1274 sunt,
898 1198 925 1259 l.
951 1219 976 1258 c.
1001 1199 1031 1258 in
1055 1199 1212 1279 superficie
1236 1199 1314 1261 ossis
1338 1195 1527 1271 esterna'ea,
1552 1180 1877 1278 qiia'pertastenm'ab
1899 1204 1970 1255 osse
1996 1191 2175 1254 tion'tdtult

574 1342 639 1386 suni
664 1335 716 1398 est,
739 1323 771 1383 in
793 1322 909 1383 interna
933 1327 1030 1383 auteur
1054 1302 1101 1398 ea,
1122 1343 1181 1405 qua
1202 1339 1277 1384 vasa
1298 1321 1502 1383 rneddllaetet
1524 1321 1602 1382 ossis
1626 1301 1723 1381 adltuo
1745 1319 1868 1382 interse
1881 1319 2063 1380 coliaereut:
2082 1315 2176 1378 *ilinc

574 1447 698 1508 liuidum
721 1462 759 1506 ex
782 1425 883 1508 alhido
906 1445 1118 1522 rubicundum,
1142 1426 1339 1526 diaphanuui,
1362 1444 1561 1525 gel‘atinosum
1585 1444 1762 1520 exsudetur,
1783 1442 1865 1504 haud
1878 1425 2035 1502 'differeris
2059 1439 2105 1502 'ab
2131 1457 2177 1514 eo,

577 1562 658 1654 drrod
681 1571 712 1631 ln
736 1570 871 1650 partibus
896 1569 1038 1632 mollibus
1061 1569 1251 1630 inflammatis
1274 1569 1465 1634 effunditur.;
1491 1567 1526 1629 ld
1549 1565 1628 1630 'vasis
1651 1566 1924 1629 in'eo'orientibus
1938 1564 2058 1628 'sensim
2081 1564 2111 1624 ln
2134 1571 2179 1625 tes

576 1695 637 1755 lam
661 1695 832 1773 organicam
857 1694 942 1769 abit,
966 1701 995 1753 ct
1018 1693 1088 1753 dum
1112 1693 1206 1754 altera
1229 1701 1313 1773 parte
1336 1693 1425 1772 copia
1454 1692 1602 1771 augescit,
1626 1691 1735 1766 altera,
1758 1710 1793 1752 ac
1822 1690 1951 1771 primuni
1979 1687 2101 1770 quidem
2121 1700 2180 1769 qua

579 1837 646 1878 mim
671 1837 741 1878 osse
765 1819 959 1894 conjunctum
983 1825 1036 1892 cst,
1059 1818 1090 1877 in
1105 1817 1335 1896 ‘cartilagineam
1360 1816 1537 1897 os'seamque
1561 1814 1762 1876 substantiam
1780 1819 1919 1874 mutatur.
1965 1812 2016 1872 Sie
2039 1811 2118 1874 intus
2133 1820 2181 1872 tu-

579 1943 635 2003 bus
658 1939 832 2001 medullaris
856 1959 952 2020 prope
976 1941 1135 2002 fracturam
1154 1957 1235 2002 nova
1255 1940 1377 2001 materie
1401 1957 1490 2000 ossea
1513 1938 1697 2015 obliteratur,
1721 1943 1806 1999 extus
1829 1938 1903 1998 leaeo
1927 1935 2073 2008 materies
2095 1934 2181 2015 paul-

579 2065 662 2125 latim
686 2083 845 2144 progressa
869 2067 957 2145 atque
981 2081 1018 2124 ex
1041 2071 1169 2146 utroque
1193 2065 1359 2144 fragmento
1382 2081 1488 2124 versus
1497 2063 1656 2123 fracturam
1680 2069 1846 2142 propagata
1867 2059 2056 2140 superficiem
2079 2058 2182 2120 linium

580 2187 743 2248 fractorum
768 2187 948 2248 denudatam
971 2188 1089 2248 taudem
1113 2195 1236 2268 superat
1259 2207 1295 2247 ac
1317 2193 1484 2267 postremo,
1514 2193 1606 2266 prout
1638 2203 1687 2246 res
1723 2192 1782 2260 est,
1807 2189 1857 2244 airt
1892 2191 1955 2244 toto
1991 2182 2101 2244 ambitu
2132 2193 2182 2243 aut

581 2312 692 2391 passim
716 2319 830 2372 tantum
853 2287 992 2391 utrinque
1015 2311 1084 2371 coit.
1130 2312 1174 2372 Ea
1195 2309 1347 2392 prioris
1371 2310 1464 2372 calli
1487 2310 1673 2372 formatio
1697 2316 1750 2370 est.

744 2435 823 2494 Dum
847 2435 921 2494 hacc
945 2435 1026 2510 liunt,
1051 2434 1128 2495 ossis
1151 2434 1325 2514 superficies
1349 2439 1417 2495 aute
1440 2433 1589 2494 denudata
1612 2453 1679 2494 cum
1703 2432 1835 2512 capsula,
1859 2430 2022 2511 apartibus
2044 2429 2184 2492 mollibus

584 2566 672 2639 atquo
696 2577 712 2617 e
735 2563 820 2636 parte
843 2557 1031 2637 prominente
1053 2557 1147 2637 ipsius
1171 2557 1240 2618 calli
1262 2558 1373 2650 prioris
1396 2558 1509 2632 efficta,
1533 2557 1681 2636 margines
1703 2576 1778 2618 uero
1801 2556 1949 2618 fracturae
1968 2555 2184 2616 cumsubstau-

583 2680 624 2743 tia
645 2680 821 2778 intermedia
844 2681 1033 2754 ooalescuut;
1056 2701 1116 2762 qua
1137 2681 1253 2742 ratione
1276 2682 1413 2743 restituto
1436 2682 1594 2742 humorum
1610 2682 1731 2756 alfluxn,
1755 2679 1860 2741 eadem
1882 2679 1929 2738 liic
1952 2696 2072 2760 quoque
2091 2685 2186 2741 mate-

581 2805 645 2867 riae
668 2824 788 2881 osseae,
811 2805 830 2866 i.
855 2823 881 2866 e.
906 2804 1002 2865 calli
1025 2804 1198 2867 serioris
1229 2805 1411 2867 formatio
1435 2805 1543 2866 existit.
1588 2805 1634 2866 Ex
1658 2805 1796 2865 oneribus
1818 2803 1908 2882 igitur
1930 2803 1974 2863 liis
1994 2802 2087 2880 locis,
2110 2821 2186 2884 quos

585 2927 655 3005 dixi,
678 2947 778 2990 novae
801 2929 939 2990 materies
964 2947 1070 2990 osseae
1093 2929 1203 2989 sensim
1228 2937 1432 2990 accrescentes
1457 2928 1582 3008 propius
1607 2928 1795 2988 adinvicem
1821 2927 1976 3001 accedunt,
2001 2927 2185 3009 expulsaque

584 3053 677 3115 subst.
700 3051 883 3126 intermedia,
907 3071 983 3132 quae
1006 3051 1230 3130 ligamentosam
1255 3053 1368 3114 interea
1389 3059 1567 3114 structuram
1592 3053 1764 3132 adeptaest,
1786 3051 1906 3111 tandem
1922 3051 1999 3111 iuter
2017 3067 2050 3111 se
2067 3053 2185 3114 colunt.

584 3177 689 3256 ltaque
712 3174 808 3236 callus
831 3174 953 3238 materie
976 3195 1065 3236 ossea
1088 3195 1125 3236 ex
1149 3183 1276 3258 utroque
1300 3178 1465 3256 fragmento
1489 3177 1620 3258 undiquc.
1643 3195 1740 3255 prope
1763 3176 1924 3236 fracturam
1942 3174 2116 3254 prosiliente
2128 3177 2188 3237 orl-

586 3307 649 3370 tur;
673 3303 702 3359 el
724 3315 850 3378 prorsus
874 3298 977 3359 eadem
1000 3299 1131 3376 ratione,
1155 3307 1242 3381 atquc
1274 3301 1371 3380 ipsum
1395 3319 1430 3361 os
1454 3299 1643 3380 primarium,
1666 3300 1775 3360 sensim
1799 3299 1960 3378 perficitur.
2007 3303 2076 3379 Quo
2101 3301 2188 3376 laeto,

588 3422 683 3502 ipsius
708 3421 786 3484 ossis
809 3430 923 3502 partem
947 3423 1113 3497 constituit,
1138 3431 1226 3505 atque
1250 3443 1316 3484 cum
1341 3443 1378 3484 oo
1403 3423 1443 3482 ita
1466 3431 1619 3502 postremo
1643 3424 1672 3484 in
1696 3441 1789 3484 unum
1814 3431 1954 3505 tanquam
1977 3439 2088 3502 corpus
2118 3443 2188 3485 coa-

586 3545 682 3621 lescit,
705 3551 738 3607 ut
761 3565 852 3626 saepe
874 3565 913 3608 ne
934 3547 1126 3628 mieroscopii
1149 3548 1268 3629 quidem
1293 3567 1351 3628 ope
1375 3546 1510 3626 dignosci
1533 3555 1629 3629 queat,
1653 3547 1724 3630 quid
1748 3547 1844 3624 callo,
1875 3545 1946 3628 quid
1970 3545 2097 3626 pristino
2127 3551 2190 3610 ossi

586 3669 776 3732 tribuendum
801 3669 848 3732 sit.

747 3792 821 3856 Non
845 3793 964 3856 dilierre
988 3795 1107 3856 tidctur
1129 3795 1216 3872 ratio,
1239 3813 1298 3877 qua
1321 3795 1351 3856 in
1375 3795 1553 3858 animalibus
1573 3797 1746 3875 junioribus
1769 3791 1865 3856 callus
1898 3793 2005 3856 existit.
2051 3795 2190 3858 Pluribus

587 3917 695 3979 felibus
719 3917 825 3978 catulis
849 3925 919 3997 post
941 3927 1043 3978 nanim
1067 3919 1171 3980 diebus
1196 3927 1265 3981 octo
1290 3921 1386 3980 lentur
1409 3922 1563 4002 fregeram.
1611 3922 1723 3982 Earum
1745 3939 1806 3982 una
1821 3922 1885 3999 jam
1899 3919 1945 3980 die
1960 3918 2095 3980 secundo
2111 3939 2191 3982 mor-

587 4047 640 4102 tua
662 4047 719 4114 est3
743 4047 843 4120 partes
867 4040 975 4102 molles
997 4043 1146 4103 fracturae
1169 4044 1368 4105 circumdatas
1392 4045 1575 4126 aliquantum
1600 4045 1728 4107 tumidas
1759 4049 1787 4105 et
1809 4042 1955 4122 sauguine
1986 4042 2096 4125 ubique
2124 4063 2192 4124 per-

588 4165 684 4239 susas,
715 4165 898 4244 periosteum
924 4164 1093 4242 discissum,
1117 4185 1222 4246 panant
1248 4169 1439 4228 tumefactum
1462 4189 1560 4250 neque
1583 4189 1638 4249 per
1660 4187 1799 4247 magnum
1823 4165 1952 4245 spatium
1976 4184 1995 4225 a
2021 4167 2192 4246 fragmentis

589 4295 760 4366 separatum
784 4287 898 4356 inveni:
923 4290 1034 4350 circum
1059 4291 1220 4350 fracturam
1244 4292 1365 4368 sanguis
1390 4292 1510 4368 effusus,
1535 4293 1683 4370 margines
1707 4293 1773 4368 ejus
1797 4290 1934 4372 ossisque
1954 4291 2129 4370 superficies
2142 4292 2193 4352 de-

588 4412 699 4472 nudata
723 4411 813 4491 plane
836 4433 897 4474 uon
922 4423 1033 4502 minata
1057 4414 1258 4494 apparebant;
1281 4433 1340 4495 qua
1365 4414 1547 4494 periosteum
1572 4415 1634 4476 ossi
1658 4414 1754 4474 adbuc
1777 4413 1969 4489 adhaerebat,
1992 4415 2194 4502 interutrrim-

589 4555 646 4616 que
670 4544 792 4597 stratum
818 4537 1024 4630 terruissimum
1047 4538 1130 4598 fluidi
1154 4535 1312 4618 cujusdam
1338 4539 1495 4600 rubicundi
1520 4546 1548 4600 et
1571 4537 1675 4598 viscidi
1699 4537 1825 4599 effusum
1847 4538 2014 4600 videbatur.

748 4658 883 4720 Alteram
907 4661 993 4720 felem
1019 4661 1152 4740 quinque
1177 4663 1240 4722 ‹lics
1263 4671 1333 4742 post
1357 4665 1464 4724 laetam
1487 4663 1648 4723 fracturam
1672 4662 1777 4723 necavi
1802 4661 1866 4736 (1).
1911 4663 2016 4724 Partes
2028 4661 2136 4726 molles
2147 4663 2198 4724 vix

860 4835 909 4844 ...-

745 4922 785 4983 (l)
805 4923 929 4970 Necnnda
949 4925 998 4972 liar
1018 4925 1070 4972 lale
1092 4929 1256 4974 occasionem
1276 4935 1499 4991 neocaesariam
1524 4931 1579 4994 ipse
1606 4922 1791 4998 cognoscerem
1817 4929 1958 4981 obscurum
1983 4935 2061 4993 alque
2080 4931 2196 4981 nondum
