4812 5892
1254 2311 1258 2324 ·
1333 2294 1465 2361 cxrur
1487 2269 1547 2356 ns

1038 2521 1105 2584 na
1138 2513 1571 2586 surrnnxnronn
1605 2520 1821 2617 ossrum.

626 2677 676 2797 In
695 2733 869 2796 univemum
890 2732 1066 2814 suppuratio
1082 2729 1120 2794 ia
1143 2732 1262 2796 ossibus
1285 2734 1397 2810 eadem,
1420 2751 1497 2815 quae
1519 2734 1550 2796 in
1572 2731 1860 2814 partibuamollllna
1879 2729 2225 2811 extribatplmenomena,

625 2875 684 2919 neo
705 2856 803 2919 minua
824 2855 856 2918 in
879 2855 939 2918 illis
962 2875 1050 2940 quam
1073 2857 1104 2918 in
1126 2856 1171 2918 his
1194 2835 1428 2938 suppuratio
1451 2855 1616 2937 simplex
1645 2862 1675 2918 et
1699 2855 1934 2937 suppuratio
1956 2853 2138 2918 ulcerosa
2159 2861 2226 2929 (ov

627 2980 702 3056 n'ea)
724 2979 858 3042 interae
882 2986 1020 3042 accurate
1043 2979 1268 3059 distinguendae
1291 2987 1370 3042 sunt
1413 3005 1418 3012 ·
1456 3009 1459 3014 ·

1201 3192 1444 3272 Suppuratio
1474 3190 1648 3271 simplex.

732 3363 743 3374 t
785 3346 821 3408 ln
844 3346 962 3408 ossibus
985 3349 1218 3427 suppurantibus
1241 3367 1299 3428 pus
1321 3366 1447 3429 prorsus
1475 3349 1571 3410 simih
1602 3356 1690 3430 atque
1711 3347 1744 3410 in
1773 3346 1908 3428 partibus
1930 3346 2073 3410 mollibus
2095 3347 2227 3410 aeoemi·

627 3477 683 3544 tnr‚
706 3467 819 3531 colotis
842 3465 956 3530 scilieet
977 3467 1016 3530 ex
1039 3469 1364 3546 albido-flaveseentis,
1387 3471 1454 3533 flori
1478 3471 1781 3544 transmaritimum
1803 3470 2226 3550 granulationeavaaiseequa

627 3608 759 3674 copiosis
782 3591 960 3670 instructae,
992 3611 1057 3654 non
1088 3591 1204 3654 minore
1233 3594 1387 3673 praeditae
1417 3593 1623 3669 sensibilitate,
1657 3611 1760 3675 neque·
1778 3593 1816 3654 nb
1837 3593 1922 3655 initio
1944 3593 2065 3674 quidem
2086 3592 2225 3654 duriores

626 3722 703 3795 aunt,
725 3737 815 3799 quam
837 3715 1025 3796 inpartibus
1048 3716 1197 3792 mollibuS,
1220 3717 1405 3798 eandemque
1428 3724 1606 3779 structuram
1630 3717 1814 3778 ostendunt·
1845 3718 1927 3778 llaec
1944 3735 2019 3778 vero
2029 3715 2226 3796 gemellorum

626 3835 791 3902 substantia
812 3839 845 3901 in
867 3838 986 3903 ossibus
1008 3839 1188 3920 pedetentim
1211 3839 1242 3902 in
1266 3839 1470 3920 cartilaginem
1494 3847 1523 3902 et
1544 3847 1697 3921 postremo
1720 3840 1751 3901 in
1772 3859 1894 3902 osseam
1916 3841 2068 3901 materiam
2091 3859 2227 3902 eommu-

628 3957 721 4031 tatnrss
755 3977 850 4040 eaque
882 3959 1069 4040 potissimum
1103 3981 1136 4024 re
1170 3964 1347 4043 suppuratio
1382 3964 1495 4025 ossium
1530 3971 1559 4025 et
1592 3965 1721 4044 partium
1753 3962 1886 4025 mollium
1917 3964 1995 4024 inter
2022 3981 2063 4024 aa·
2078 3963 2227 4024 dilemma

628 4081 733 4164 deque
755 4081 845 4162 igitur
867 4089 955 4164 atque
978 4083 1009 4144 iu
1031 4083 1263 4147 inflammatione
1286 4087 1460 4148 exsudativa
1483 4087 1548 4147 lieri
1571 4085 1707 4162 vidimus,
1731 4087 1761 4147 in
1786 4087 1980 4166 suppuretiva
2002 4102 2125 4168 quoque
2145 4086 2226 4148 eida-

628 4204 709 4267 tricis
731 4183 896 4267 substantia
918 4225 990 4268 vere
1012 4225 1101 4269 ossea
1122 4207 1259 4287 gignitur,
1283 4208 1468 4290 amissaeque
1498 4209 1611 4270 ossium
1642 4217 1742 4289 partes
1765 4225 1870 4271 revera
1893 4215 2115 4290 regenerantem.
2159 4209 2228 4272 lloe

628 4325 726 4389 solum
749 4327 774 4389 si
797 4325 1167 4412 eximts',vix1quidquam
1190 4309 1258 4392 addi
1282 4332 1385 4412 possit,
1409 4333 1491 4414 quod
1513 4333 1723 4413 suppurationi
1751 4332 1880 4408 ossium,
1913 4339 1947 4394 ut
1967 4333 2060 4394 semel
2083 4331 2227 4408 innituit,

629 4449 783 4530 proprium
806 4447 951 4514 videatur.
996 4453 1127 4515 Primum
1149 4472 1223 4517 vero
1247 4455 1430 4518 exordientis
1461 4456 1520 4518 alia
1542 4456 1572 4517 in
1597 4455 1715 4518 ossibus
1744 4473 1833 4536 quarn
1862 4455 1893 4516 in
1922 4455 2058 4533 pertibus
2085 4456 2227 4519 multtum

577 4596 589 4616 ⁴
630 4574 747 4636 ridetur
768 4573 845 4634 ratio
868 4592 953 4648 esset
976 4595 1052 4656 quae
1075 4578 1183 4658 quibus
1205 4579 1295 4662 rebus
1318 4579 1442 4658 differat,
1464 4581 1524 4642 hoe
1546 4580 1617 4641 loeo
1641 4578 1804 4658 praecipue
1828 4595 1987 4657 exponam.

788 4697 823 4758 ln
845 4695 978 4776 partibus
1001 4699 1142 4762 mollibus
1164 4709 1197 4763 nt
1219 4704 1396 4783 suppuratio
1425 4705 1553 4777 orietur,
1588 4701 1720 4763 omnium
1751 4699 1970 4780 simplicissima
1992 4720 2083 4763 cauae
2105 4710 2167 4780 est,
2200 4705 2225 4766 ai

631 4819 712 4902 qnod
734 4819 843 4880 winus
865 4819 992 4901 simplex
1015 4840 1077 4883 non
1099 4826 1264 4896 mundatura
1294 4833 1400 4888 contra
1430 4825 1456 4886 si
1485 4843 1520 4884 os
1550 4823 1732 4885 denudatum
1762 4821 1811 4884 vel
1835 4830 1900 4883 utut
1921 4823 2035 4885 laesum
2058 4843 2120 4887 uon
2143 4826 2227 4888 brevi

630 4951 700 5026 post
720 4941 855 5026 partibus
876 4944 1017 5007 mollibus
1048 4965 1152 5012 rursus
1183 4948 1347 5029 obtegitur,
1381 4965 1479 5028 neque
1513 4944 1601 5025 igitur
1629 4966 1685 5027 per
1713 4948 1841 5028 primam
1871 4945 2066 5009 intentionem
2093 4963 2225 5024 meatur,
