<?xml version="1.0" encoding="UTF-8"?>
<!DOCTYPE html PUBLIC "-//W3C//DTD XHTML 1.0 Transitional//EN"
    "http://www.w3.org/TR/xhtml1/DTD/xhtml1-transitional.dtd">
<html xmlns="http://www.w3.org/1999/xhtml" xml:lang="en" lang="en">
 <head>
  <title>
</title>
<meta http-equiv="Content-Type" content="text/html;charset=utf-8" />
  <meta name='ocr-system' content='tesseract 3.04.00' />
  <meta name='ocr-capabilities' content='ocr_page ocr_carea ocr_par ocr_line ocrx_word'/>
</head>
<body>
  <div class='ocr_page' id='page_1' title='image "./deinflammatione00mlgoog_0170.png"; bbox 0 0 4784 5894; ppageno 0'>
   <div class='ocr_carea' id='block_1_1' title="bbox 977 557 1055 632">
    <p class='ocr_par' dir='ltr' id='par_1_1' title="bbox 977 557 1055 632">
     <span class='ocr_line' id='line_1_1' title="bbox 977 557 1055 632; baseline 0.026 -2"><span class='ocrx_word' id='word_1_1' title='bbox 977 557 1055 632; x_wconf 79' lang='lat'>151</span> 
     </span>
    </p>
   </div>
   <div class='ocr_carea' id='block_1_2' title="bbox 191 762 1865 4796">
    <p class='ocr_par' dir='ltr' id='par_1_2' title="bbox 201 762 1853 1960">
     <span class='ocr_line' id='line_1_2' title="bbox 208 762 1814 848; baseline 0 -24"><span class='ocrx_word' id='word_1_2' title='bbox 208 762 355 844; x_wconf 90' lang='lat' dir='ltr'>mering</span> <span class='ocrx_word' id='word_1_3' title='bbox 408 764 639 846; x_wconf 76' lang='lat' dir='ltr'>fragmentorum</span> <span class='ocrx_word' id='word_1_4' title='bbox 685 767 761 828; x_wconf 90' lang='lat' dir='ltr'>fines</span> <span class='ocrx_word' id='word_1_5' title='bbox 808 766 839 830; x_wconf 89' lang='lat' dir='ltr'>in</span> <span class='ocrx_word' id='word_1_6' title='bbox 884 763 988 848; x_wconf 89' lang='lat' dir='ltr'>gluten</span> <span class='ocrx_word' id='word_1_7' title='bbox 1031 765 1111 830; x_wconf 87' lang='lat' dir='ltr'>vasis</span> <span class='ocrx_word' id='word_1_8' title='bbox 1159 763 1329 828; x_wconf 78' lang='lat' dir='ltr'>numerosis</span> <span class='ocrx_word' id='word_1_9' title='bbox 1374 763 1550 826; x_wconf 83' lang='lat' dir='ltr'>instmctum</span> <span class='ocrx_word' id='word_1_10' title='bbox 1595 765 1719 840; x_wconf 88' lang='lat' dir='ltr'>mutari,</span> <span class='ocrx_word' id='word_1_11' title='bbox 1772 798 1814 810; x_wconf 96' lang='lat'><em>-</em></span> 
     </span>
     <span class='ocr_line' id='line_1_3' title="bbox 206 885 1812 986; baseline -0.001 -36"><span class='ocrx_word' id='word_1_12' title='bbox 206 887 352 950; x_wconf 81' lang='lat' dir='ltr'>flunter</span> <span class='ocrx_word' id='word_1_13' title='bbox 394 907 449 952; x_wconf 90' lang='lat' dir='ltr'>eos</span> <span class='ocrx_word' id='word_1_14' title='bbox 493 889 726 952; x_wconf 88' lang='lat' dir='ltr'>inflammatione</span> <span class='ocrx_word' id='word_1_15' title='bbox 771 909 839 952; x_wconf 91' lang='lat' dir='ltr'>cum</span> <span class='ocrx_word' id='word_1_16' title='bbox 885 889 1082 953; x_wconf 74' lang='lat' dir='ltr'>exsudatione</span> <span class='ocrx_word' id='word_1_17' title='bbox 1115 890 1279 968; x_wconf 87' lang='lat' dir='ltr'>conjuncta</span> <span class='ocrx_word' id='word_1_18' title='bbox 1321 887 1449 968; x_wconf 85' lang='lat' dir='ltr'>corripi,</span> <span class='ocrx_word' id='word_1_19' title='bbox 1485 885 1642 986; x_wconf 71' lang='lat' dir='ltr'>simulque</span> <span class='ocrx_word' id='word_1_20' title='bbox 1685 887 1812 950; x_wconf 89' lang='lat' dir='ltr'>emolliri</span> 
     </span>
     <span class='ocr_line' id='line_1_4' title="bbox 203 1009 1812 1094; baseline 0 -22"><span class='ocrx_word' id='word_1_21' title='bbox 203 1009 345 1094; x_wconf 85' lang='lat' dir='ltr'>vasisque</span> <span class='ocrx_word' id='word_1_22' title='bbox 383 1012 518 1094; x_wconf 89' lang='lat' dir='ltr'>copiosis</span> <span class='ocrx_word' id='word_1_23' title='bbox 543 1013 665 1088; x_wconf 75' lang='lat' dir='ltr'>iustam,</span> <span class='ocrx_word' id='word_1_24' title='bbox 695 1047 735 1061; x_wconf 94' lang='lat'><em>-</em></span> <span class='ocrx_word' id='word_1_25' title='bbox 778 1033 851 1078; x_wconf 84' lang='lat' dir='ltr'>van</span> <span class='ocrx_word' id='word_1_26' title='bbox 899 1014 1104 1078; x_wconf 87' lang='lat' dir='ltr'>Heekeren</span> <span class='ocrx_word' id='word_1_27' title='bbox 1137 1013 1169 1075; x_wconf 90' lang='lat' dir='ltr'>vi</span> <span class='ocrx_word' id='word_1_28' title='bbox 1203 1031 1346 1093; x_wconf 85' lang='lat' dir='ltr'>vasorum</span> <span class='ocrx_word' id='word_1_29' title='bbox 1380 1010 1604 1074; x_wconf 86' lang='lat' dir='ltr'>absorbentium</span> <span class='ocrx_word' id='word_1_30' title='bbox 1639 1011 1812 1090; x_wconf 88' lang='lat' dir='ltr'>asprediues</span> 
     </span>
     <span class='ocr_line' id='line_1_5' title="bbox 203 1128 1811 1221; baseline -0.002 -25"><span class='ocrx_word' id='word_1_31' title='bbox 203 1152 310 1198; x_wconf 91' lang='lat' dir='ltr'>eorum</span> <span class='ocrx_word' id='word_1_32' title='bbox 332 1135 461 1198; x_wconf 89' lang='lat' dir='ltr'>emolliri</span> <span class='ocrx_word' id='word_1_33' title='bbox 492 1144 580 1221; x_wconf 87' lang='lat' dir='ltr'>atque</span> <span class='ocrx_word' id='word_1_34' title='bbox 602 1136 727 1199; x_wconf 90' lang='lat' dir='ltr'>obtundi</span> <span class='ocrx_word' id='word_1_35' title='bbox 751 1135 865 1212; x_wconf 80' lang='lat' dir='ltr'>voluit3</span> <span class='ocrx_word' id='word_1_36' title='bbox 888 1173 928 1186; x_wconf 93' lang='lat'>-</span> <span class='ocrx_word' id='word_1_37' title='bbox 954 1137 1101 1219; x_wconf 78' lang='lat' dir='ltr'>Scorpo</span> <span class='ocrx_word' id='word_1_38' title='bbox 1123 1143 1152 1200; x_wconf 93' lang='lat' dir='ltr'>et</span> <span class='ocrx_word' id='word_1_39' title='bbox 1174 1135 1226 1220; x_wconf 91' lang='lat' dir='ltr'>qui</span> <span class='ocrx_word' id='word_1_40' title='bbox 1248 1155 1316 1199; x_wconf 88' lang='lat' dir='ltr'>eum</span> <span class='ocrx_word' id='word_1_41' title='bbox 1340 1135 1458 1218; x_wconf 91' lang='lat' dir='ltr'>sequuti</span> <span class='ocrx_word' id='word_1_42' title='bbox 1481 1140 1559 1210; x_wconf 90' lang='lat' dir='ltr'>sunt,</span> <span class='ocrx_word' id='word_1_43' title='bbox 1582 1128 1761 1194; x_wconf 73' lang='lat' dir='ltr'>Leveille</span> <span class='ocrx_word' id='word_1_44' title='bbox 1783 1143 1811 1194; x_wconf 81' lang='lat' dir='ltr'>et</span> 
     </span>
     <span class='ocr_line' id='line_1_6' title="bbox 201 1227 1810 1339; baseline -0.002 -19"><span class='ocrx_word' id='word_1_45' title='bbox 201 1256 422 1321; x_wconf 88' lang='lat' dir='ltr'>Ricberand</span> <span class='ocrx_word' id='word_1_46' title='bbox 450 1265 565 1339; x_wconf 90' lang='lat' dir='ltr'>partem</span> <span class='ocrx_word' id='word_1_47' title='bbox 595 1261 750 1322; x_wconf 85' lang='lat' dir='ltr'>infractam</span> <span class='ocrx_word' id='word_1_48' title='bbox 779 1261 821 1324; x_wconf 90' lang='lat' dir='ltr'>ita</span> <span class='ocrx_word' id='word_1_49' title='bbox 844 1257 972 1324; x_wconf 90' lang='lat' dir='ltr'>emolliri</span> <span class='ocrx_word' id='word_1_50' title='bbox 1004 1260 1137 1323; x_wconf 86' lang='lat' dir='ltr'>arbitrati</span> <span class='ocrx_word' id='word_1_51' title='bbox 1160 1227 1245 1337; x_wconf 79' lang='lat' dir='ltr'>sunt,</span> <span class='ocrx_word' id='word_1_52' title='bbox 1268 1267 1302 1322; x_wconf 91' lang='lat' dir='ltr'>ut</span> <span class='ocrx_word' id='word_1_53' title='bbox 1324 1259 1355 1321; x_wconf 89' lang='lat' dir='ltr'>in</span> <span class='ocrx_word' id='word_1_54' title='bbox 1377 1265 1485 1321; x_wconf 87' lang='lat' dir='ltr'>statum</span> <span class='ocrx_word' id='word_1_55' title='bbox 1509 1255 1732 1336; x_wconf 85' lang='lat' dir='ltr'>cartilagiueum</span> <span class='ocrx_word' id='word_1_56' title='bbox 1762 1277 1810 1317; x_wconf 88' lang='lat' dir='ltr'>re-</span> 
     </span>
     <span class='ocr_line' id='line_1_7' title="bbox 204 1357 1853 1466; baseline 0.002 -25"><span class='ocrx_word' id='word_1_57' title='bbox 204 1377 282 1442; x_wconf 87' lang='lat' dir='ltr'>deat.</span> <span class='ocrx_word' id='word_1_58' title='bbox 328 1380 376 1443; x_wconf 93' lang='lat' dir='ltr'>llli</span> <span class='ocrx_word' id='word_1_59' title='bbox 398 1401 481 1458; x_wconf 82' lang='lat' dir='ltr'>vero,</span> <span class='ocrx_word' id='word_1_60' title='bbox 504 1383 555 1465; x_wconf 92' lang='lat' dir='ltr'>qui</span> <span class='ocrx_word' id='word_1_61' title='bbox 578 1384 787 1446; x_wconf 87' lang='lat' dir='ltr'>formationem</span> <span class='ocrx_word' id='word_1_62' title='bbox 809 1383 879 1447; x_wconf 87' lang='lat' dir='ltr'>calli</span> <span class='ocrx_word' id='word_1_63' title='bbox 900 1390 986 1445; x_wconf 85' lang='lat' dir='ltr'>extra</span> <span class='ocrx_word' id='word_1_64' title='bbox 1008 1401 1044 1446; x_wconf 91' lang='lat' dir='ltr'>os</span> <span class='ocrx_word' id='word_1_65' title='bbox 1060 1390 1186 1466; x_wconf 90' lang='lat' dir='ltr'>ponunt,</span> <span class='ocrx_word' id='word_1_66' title='bbox 1209 1384 1374 1464; x_wconf 90' lang='lat' dir='ltr'>fragmenta</span> <span class='ocrx_word' id='word_1_67' title='bbox 1385 1401 1448 1444; x_wconf 91' lang='lat' dir='ltr'>non</span> <span class='ocrx_word' id='word_1_68' title='bbox 1469 1379 1578 1443; x_wconf 87' lang='lat' dir='ltr'>mutari</span> <span class='ocrx_word' id='word_1_69' title='bbox 1601 1357 1826 1456; x_wconf 42' lang='lat' dir='ltr'>dbservaruuts</span> <span class='ocrx_word' id='word_1_70' title='bbox 1849 1371 1853 1378; x_wconf 52' lang='lat'><strong>⁴</strong></span> 
     </span>
     <span class='ocr_line' id='line_1_8' title="bbox 203 1503 1808 1589; baseline 0.001 -25"><span class='ocrx_word' id='word_1_71' title='bbox 203 1521 301 1585; x_wconf 87' lang='lat' dir='ltr'>eoque</span> <span class='ocrx_word' id='word_1_72' title='bbox 330 1522 447 1566; x_wconf 88' lang='lat' dir='ltr'>summo</span> <span class='ocrx_word' id='word_1_73' title='bbox 478 1511 654 1586; x_wconf 87' lang='lat' dir='ltr'>argumento</span> <span class='ocrx_word' id='word_1_74' title='bbox 683 1508 720 1568; x_wconf 89' lang='lat' dir='ltr'>ad</span> <span class='ocrx_word' id='word_1_75' title='bbox 750 1506 1005 1589; x_wconf 88' lang='lat' dir='ltr'>comprobandam</span> <span class='ocrx_word' id='word_1_76' title='bbox 1027 1505 1203 1570; x_wconf 87' lang='lat' dir='ltr'>sententiam</span> <span class='ocrx_word' id='word_1_77' title='bbox 1239 1525 1324 1569; x_wconf 90' lang='lat' dir='ltr'>suam</span> <span class='ocrx_word' id='word_1_78' title='bbox 1346 1505 1394 1568; x_wconf 89' lang='lat' dir='ltr'>usi</span> <span class='ocrx_word' id='word_1_79' title='bbox 1419 1511 1503 1581; x_wconf 87' lang='lat' dir='ltr'>sunt,</span> <span class='ocrx_word' id='word_1_80' title='bbox 1532 1504 1577 1566; x_wconf 88' lang='lat' dir='ltr'>uti</span> <span class='ocrx_word' id='word_1_81' title='bbox 1598 1503 1647 1566; x_wconf 91' lang='lat' dir='ltr'>du</span> <span class='ocrx_word' id='word_1_82' title='bbox 1669 1503 1808 1580; x_wconf 84' lang='lat' dir='ltr'>llamol,</span> 
     </span>
     <span class='ocr_line' id='line_1_9' title="bbox 203 1625 1808 1712; baseline -0.001 -24"><span class='ocrx_word' id='word_1_83' title='bbox 203 1627 452 1708; x_wconf 81' lang='lat' dir='ltr'>Fougeronx,</span> <span class='ocrx_word' id='word_1_84' title='bbox 481 1628 715 1710; x_wconf 89' lang='lat' dir='ltr'>Marrigues,</span> <span class='ocrx_word' id='word_1_85' title='bbox 745 1631 937 1711; x_wconf 87' lang='lat' dir='ltr'>flowslrip,</span> <span class='ocrx_word' id='word_1_86' title='bbox 960 1629 1021 1695; x_wconf 85' lang='lat' dir='ltr'>alii.</span> <span class='ocrx_word' id='word_1_87' title='bbox 1079 1631 1160 1711; x_wconf 87' lang='lat' dir='ltr'>Ego,</span> <span class='ocrx_word' id='word_1_88' title='bbox 1183 1647 1362 1712; x_wconf 87' lang='lat' dir='ltr'>quamquam</span> <span class='ocrx_word' id='word_1_89' title='bbox 1397 1625 1577 1704; x_wconf 88' lang='lat' dir='ltr'>rationibus,</span> <span class='ocrx_word' id='word_1_90' title='bbox 1612 1645 1688 1709; x_wconf 86' lang='lat' dir='ltr'>quas</span> <span class='ocrx_word' id='word_1_91' title='bbox 1717 1647 1808 1706; x_wconf 86' lang='lat' dir='ltr'>supra</span> 
     </span>
     <span class='ocr_line' id='line_1_10' title="bbox 201 1749 1807 1836; baseline -0.001 -25"><span class='ocrx_word' id='word_1_92' title='bbox 201 1751 345 1831; x_wconf 82' lang='lat' dir='ltr'>exposui,</span> <span class='ocrx_word' id='word_1_93' title='bbox 368 1769 571 1830; x_wconf 89' lang='lat' dir='ltr'>commoveor,</span> <span class='ocrx_word' id='word_1_94' title='bbox 594 1759 628 1816; x_wconf 90' lang='lat' dir='ltr'>ut</span> <span class='ocrx_word' id='word_1_95' title='bbox 648 1754 785 1836; x_wconf 84' lang='lat' dir='ltr'>priorum</span> <span class='ocrx_word' id='word_1_96' title='bbox 808 1753 973 1817; x_wconf 89' lang='lat' dir='ltr'>sententiae</span> <span class='ocrx_word' id='word_1_97' title='bbox 995 1771 1044 1817; x_wconf 89' lang='lat' dir='ltr'>me</span> <span class='ocrx_word' id='word_1_98' title='bbox 1066 1753 1211 1830; x_wconf 87' lang='lat' dir='ltr'>addicam,</span> <span class='ocrx_word' id='word_1_99' title='bbox 1233 1759 1333 1816; x_wconf 88' lang='lat' dir='ltr'>tamen</span> <span class='ocrx_word' id='word_1_100' title='bbox 1356 1751 1584 1816; x_wconf 85' lang='lat' dir='ltr'>observationes</span> <span class='ocrx_word' id='word_1_101' title='bbox 1603 1749 1807 1831; x_wconf 87' lang='lat' dir='ltr'>alteriuspar·</span> 
     </span>
     <span class='ocr_line' id='line_1_11' title="bbox 202 1871 1805 1960; baseline -0.001 -26"><span class='ocrx_word' id='word_1_102' title='bbox 202 1873 239 1935; x_wconf 89' lang='lat' dir='ltr'>tis</span> <span class='ocrx_word' id='word_1_103' title='bbox 269 1873 448 1937; x_wconf 84' lang='lat' dir='ltr'>confirmare</span> <span class='ocrx_word' id='word_1_104' title='bbox 477 1875 585 1940; x_wconf 88' lang='lat' dir='ltr'>debeo.</span> <span class='ocrx_word' id='word_1_105' title='bbox 635 1878 728 1958; x_wconf 81' lang='lat' dir='ltr'>Quod</span> <span class='ocrx_word' id='word_1_106' title='bbox 751 1877 795 1940; x_wconf 90' lang='lat' dir='ltr'>illi</span> <span class='ocrx_word' id='word_1_107' title='bbox 817 1897 875 1959; x_wconf 91' lang='lat' dir='ltr'>pro</span> <span class='ocrx_word' id='word_1_108' title='bbox 897 1877 1081 1960; x_wconf 89' lang='lat' dir='ltr'>marginibus</span> <span class='ocrx_word' id='word_1_109' title='bbox 1102 1879 1252 1940; x_wconf 87' lang='lat' dir='ltr'>fracturae</span> <span class='ocrx_word' id='word_1_110' title='bbox 1274 1873 1415 1939; x_wconf 87' lang='lat' dir='ltr'>emollitis</span> <span class='ocrx_word' id='word_1_111' title='bbox 1444 1873 1626 1950; x_wconf 87' lang='lat' dir='ltr'>babuerunt,</span> <span class='ocrx_word' id='word_1_112' title='bbox 1648 1871 1728 1935; x_wconf 81' lang='lat' dir='ltr'>fraud</span> <span class='ocrx_word' id='word_1_113' title='bbox 1751 1874 1805 1934; x_wconf 90' lang='lat' dir='ltr'>du-</span> 
     </span>
    </p>

    <p class='ocr_par' dir='ltr' id='par_1_3' title="bbox 191 1969 1865 4796">
     <span class='ocr_line' id='line_1_12' title="bbox 204 1969 1865 2084; baseline -0.001 -26"><span class='ocrx_word' id='word_1_114' title='bbox 204 1997 253 2058; x_wconf 88' lang='lat' dir='ltr'>bie</span> <span class='ocrx_word' id='word_1_115' title='bbox 275 1997 441 2060; x_wconf 86' lang='lat' dir='ltr'>snbstantia</span> <span class='ocrx_word' id='word_1_116' title='bbox 461 1999 515 2062; x_wconf 85' lang='lat' dir='ltr'>illa</span> <span class='ocrx_word' id='word_1_117' title='bbox 536 1999 638 2064; x_wconf 83' lang='lat' dir='ltr'>mollis</span> <span class='ocrx_word' id='word_1_118' title='bbox 661 2008 722 2078; x_wconf 89' lang='lat' dir='ltr'>est,</span> <span class='ocrx_word' id='word_1_119' title='bbox 744 2021 822 2084; x_wconf 87' lang='lat' dir='ltr'>quae</span> <span class='ocrx_word' id='word_1_120' title='bbox 850 2021 867 2064; x_wconf 89' lang='lat' dir='ltr'>e</span> <span class='ocrx_word' id='word_1_121' title='bbox 895 2000 1029 2064; x_wconf 82' lang='lat' dir='ltr'>medulla</span> <span class='ocrx_word' id='word_1_122' title='bbox 1057 2003 1193 2083; x_wconf 86' lang='lat' dir='ltr'>profecta</span> <span class='ocrx_word' id='word_1_123' title='bbox 1219 2000 1265 2064; x_wconf 82' lang='lat' dir='ltr'>fris</span> <span class='ocrx_word' id='word_1_124' title='bbox 1286 1997 1470 2080; x_wconf 75' lang='lat' dir='ltr'>marginibus</span> <span class='ocrx_word' id='word_1_125' title='bbox 1492 1997 1626 2078; x_wconf 85' lang='lat' dir='ltr'>adjacet;</span> <span class='ocrx_word' id='word_1_126' title='bbox 1659 1996 1716 2060; x_wconf 90' lang='lat' dir='ltr'>sub</span> <span class='ocrx_word' id='word_1_127' title='bbox 1746 2015 1806 2078; x_wconf 91' lang='lat' dir='ltr'>qua</span> <span class='ocrx_word' id='word_1_128' title='bbox 1854 1969 1865 1980; x_wconf 39' lang='lat'>⁵</span> 
     </span>
     <span class='ocr_line' id='line_1_13' title="bbox 201 2120 1805 2205; baseline -0.002 -23"><span class='ocrx_word' id='word_1_129' title='bbox 201 2120 349 2201; x_wconf 78' lang='lat' dir='ltr'>margines</span> <span class='ocrx_word' id='word_1_130' title='bbox 371 2123 520 2186; x_wconf 88' lang='lat' dir='ltr'>fracturae</span> <span class='ocrx_word' id='word_1_131' title='bbox 541 2143 676 2205; x_wconf 86' lang='lat' dir='ltr'>semper,</span> <span class='ocrx_word' id='word_1_132' title='bbox 700 2125 789 2186; x_wconf 89' lang='lat' dir='ltr'>etiam</span> <span class='ocrx_word' id='word_1_133' title='bbox 811 2125 842 2186; x_wconf 92' lang='lat' dir='ltr'>in</span> <span class='ocrx_word' id='word_1_134' title='bbox 865 2124 1043 2188; x_wconf 85' lang='lat' dir='ltr'>animalibus</span> <span class='ocrx_word' id='word_1_135' title='bbox 1064 2125 1117 2188; x_wconf 83' lang='lat' dir='ltr'>vix</span> <span class='ocrx_word' id='word_1_136' title='bbox 1139 2124 1242 2201; x_wconf 87' lang='lat' dir='ltr'>editis,</span> <span class='ocrx_word' id='word_1_137' title='bbox 1264 2121 1337 2188; x_wconf 90' lang='lat' dir='ltr'>nibil</span> <span class='ocrx_word' id='word_1_138' title='bbox 1359 2128 1508 2200; x_wconf 86' lang='lat' dir='ltr'>mutatos,</span> <span class='ocrx_word' id='word_1_139' title='bbox 1531 2141 1588 2183; x_wconf 92' lang='lat' dir='ltr'>nec</span> <span class='ocrx_word' id='word_1_140' title='bbox 1610 2120 1710 2184; x_wconf 85' lang='lat' dir='ltr'>minus</span> <span class='ocrx_word' id='word_1_141' title='bbox 1733 2139 1805 2180; x_wconf 87' lang='lat' dir='ltr'>aeu-</span> 
     </span>
     <span class='ocr_line' id='line_1_14' title="bbox 202 2241 1803 2330; baseline -0.001 -24"><span class='ocrx_word' id='word_1_142' title='bbox 202 2251 249 2306; x_wconf 89' lang='lat' dir='ltr'>tos</span> <span class='ocrx_word' id='word_1_143' title='bbox 278 2251 309 2307; x_wconf 91' lang='lat' dir='ltr'>et</span> <span class='ocrx_word' id='word_1_144' title='bbox 330 2244 519 2328; x_wconf 86' lang='lat' dir='ltr'>inaequales,</span> <span class='ocrx_word' id='word_1_145' title='bbox 542 2267 631 2330; x_wconf 90' lang='lat' dir='ltr'>quam</span> <span class='ocrx_word' id='word_1_146' title='bbox 654 2248 753 2310; x_wconf 88' lang='lat' dir='ltr'>statim</span> <span class='ocrx_word' id='word_1_147' title='bbox 780 2255 851 2330; x_wconf 92' lang='lat' dir='ltr'>post</span> <span class='ocrx_word' id='word_1_148' title='bbox 880 2250 989 2310; x_wconf 84' lang='lat' dir='ltr'>factam</span> <span class='ocrx_word' id='word_1_149' title='bbox 1015 2249 1176 2312; x_wconf 89' lang='lat' dir='ltr'>fracturam</span> <span class='ocrx_word' id='word_1_150' title='bbox 1202 2253 1364 2329; x_wconf 80' lang='lat' dir='ltr'>apparent,</span> <span class='ocrx_word' id='word_1_151' title='bbox 1393 2244 1590 2326; x_wconf 78' lang='lat' dir='ltr'>deprebendi3</span> <span class='ocrx_word' id='word_1_152' title='bbox 1612 2250 1646 2306; x_wconf 92' lang='lat' dir='ltr'>ut</span> <span class='ocrx_word' id='word_1_153' title='bbox 1667 2261 1706 2306; x_wconf 92' lang='lat' dir='ltr'>ne</span> <span class='ocrx_word' id='word_1_154' title='bbox 1727 2241 1803 2304; x_wconf 86' lang='lat' dir='ltr'>illud</span> 
     </span>
     <span class='ocr_line' id='line_1_15' title="bbox 200 2365 1802 2452; baseline 0 -24"><span class='ocrx_word' id='word_1_155' title='bbox 200 2366 333 2450; x_wconf 91' lang='lat' dir='ltr'>quidem,</span> <span class='ocrx_word' id='word_1_156' title='bbox 355 2368 438 2450; x_wconf 91' lang='lat' dir='ltr'>quod</span> <span class='ocrx_word' id='word_1_157' title='bbox 463 2370 666 2448; x_wconf 88' lang='lat' dir='ltr'>Brescbet,</span> <span class='ocrx_word' id='word_1_158' title='bbox 689 2365 890 2449; x_wconf 76' lang='lat' dir='ltr'>Villerme&#39;t,</span> <span class='ocrx_word' id='word_1_159' title='bbox 913 2372 1081 2452; x_wconf 89' lang='lat' dir='ltr'>Meding,</span> <span class='ocrx_word' id='word_1_160' title='bbox 1104 2370 1256 2447; x_wconf 88' lang='lat' dir='ltr'>Weber,</span> <span class='ocrx_word' id='word_1_161' title='bbox 1279 2369 1460 2448; x_wconf 88' lang='lat' dir='ltr'>Gendrin,</span> <span class='ocrx_word' id='word_1_162' title='bbox 1483 2368 1551 2432; x_wconf 84' lang='lat' dir='ltr'>fieri</span> <span class='ocrx_word' id='word_1_163' title='bbox 1571 2366 1704 2430; x_wconf 72' lang='lat' dir='ltr'>arbitrmi</span> <span class='ocrx_word' id='word_1_164' title='bbox 1726 2373 1802 2443; x_wconf 90' lang='lat' dir='ltr'>sunt,</span> 
     </span>
     <span class='ocr_line' id='line_1_16' title="bbox 198 2488 1803 2578; baseline -0.001 -26"><span class='ocrx_word' id='word_1_165' title='bbox 198 2491 348 2571; x_wconf 75' lang='lat' dir='ltr'>margines</span> <span class='ocrx_word' id='word_1_166' title='bbox 376 2489 502 2553; x_wconf 92' lang='lat' dir='ltr'>obtundi</span> <span class='ocrx_word' id='word_1_167' title='bbox 531 2501 620 2576; x_wconf 87' lang='lat' dir='ltr'>atque</span> <span class='ocrx_word' id='word_1_168' title='bbox 642 2495 806 2571; x_wconf 84' lang='lat' dir='ltr'>rotundari,</span> <span class='ocrx_word' id='word_1_169' title='bbox 830 2495 999 2559; x_wconf 89' lang='lat' dir='ltr'>concedere</span> <span class='ocrx_word' id='word_1_170' title='bbox 1020 2495 1146 2578; x_wconf 90' lang='lat' dir='ltr'>possim.</span> <span class='ocrx_word' id='word_1_171' title='bbox 1190 2494 1349 2575; x_wconf 90' lang='lat' dir='ltr'>Meding</span> <span class='ocrx_word' id='word_1_172' title='bbox 1371 2491 1462 2556; x_wconf 90' lang='lat' dir='ltr'>telam</span> <span class='ocrx_word' id='word_1_173' title='bbox 1485 2511 1621 2570; x_wconf 88' lang='lat' dir='ltr'>osseam,</span> <span class='ocrx_word' id='word_1_174' title='bbox 1652 2490 1704 2552; x_wconf 92' lang='lat' dir='ltr'>ubi</span> <span class='ocrx_word' id='word_1_175' title='bbox 1731 2488 1803 2552; x_wconf 91' lang='lat' dir='ltr'>sub-</span> 
     </span>
     <span class='ocr_line' id='line_1_17' title="bbox 198 2613 1801 2712; baseline -0.002 -35"><span class='ocrx_word' id='word_1_176' title='bbox 198 2614 308 2678; x_wconf 86' lang='lat' dir='ltr'>stantia</span> <span class='ocrx_word' id='word_1_177' title='bbox 329 2614 505 2678; x_wconf 85' lang='lat' dir='ltr'>intermedia</span> <span class='ocrx_word' id='word_1_178' title='bbox 526 2637 594 2679; x_wconf 87' lang='lat' dir='ltr'>eum</span> <span class='ocrx_word' id='word_1_179' title='bbox 616 2618 800 2698; x_wconf 79' lang='lat' dir='ltr'>marginibus</span> <span class='ocrx_word' id='word_1_180' title='bbox 822 2621 973 2681; x_wconf 88' lang='lat' dir='ltr'>fracturae</span> <span class='ocrx_word' id='word_1_181' title='bbox 994 2618 1149 2712; x_wconf 77' lang='lat' dir='ltr'>cqaluerit,</span> <span class='ocrx_word' id='word_1_182' title='bbox 1172 2619 1328 2682; x_wconf 81' lang='lat' dir='ltr'>manifeste</span> <span class='ocrx_word' id='word_1_183' title='bbox 1359 2617 1492 2680; x_wconf 87' lang='lat' dir='ltr'>raretieri</span> <span class='ocrx_word' id='word_1_184' title='bbox 1521 2615 1685 2680; x_wconf 78' lang='lat' dir='ltr'>contendit.</span> <span class='ocrx_word' id='word_1_185' title='bbox 1735 2613 1801 2693; x_wconf 85' lang='lat' dir='ltr'>Ego</span> 
     </span>
     <span class='ocr_line' id='line_1_18' title="bbox 198 2735 1800 2817; baseline -0.002 -16"><span class='ocrx_word' id='word_1_186' title='bbox 198 2737 290 2802; x_wconf 89' lang='lat' dir='ltr'>talem</span> <span class='ocrx_word' id='word_1_187' title='bbox 312 2739 549 2817; x_wconf 64' lang='lat' dir='ltr'>arefactionem,</span> <span class='ocrx_word' id='word_1_188' title='bbox 571 2741 599 2802; x_wconf 91' lang='lat' dir='ltr'>b.</span> <span class='ocrx_word' id='word_1_189' title='bbox 623 2760 650 2804; x_wconf 91' lang='lat' dir='ltr'>e.</span> <span class='ocrx_word' id='word_1_190' title='bbox 673 2740 911 2803; x_wconf 89' lang='lat' dir='ltr'>eanalioulorum</span> <span class='ocrx_word' id='word_1_191' title='bbox 932 2741 1145 2804; x_wconf 91' lang='lat' dir='ltr'>medullarium</span> <span class='ocrx_word' id='word_1_192' title='bbox 1170 2739 1375 2803; x_wconf 84' lang='lat' dir='ltr'>dilatationem</span> <span class='ocrx_word' id='word_1_193' title='bbox 1398 2739 1491 2802; x_wconf 88' lang='lat' dir='ltr'>semel</span> <span class='ocrx_word' id='word_1_194' title='bbox 1514 2745 1629 2802; x_wconf 70' lang='lat' dir='ltr'>mnium</span> <span class='ocrx_word' id='word_1_195' title='bbox 1651 2739 1682 2800; x_wconf 92' lang='lat' dir='ltr'>in</span> <span class='ocrx_word' id='word_1_196' title='bbox 1705 2735 1800 2800; x_wconf 85' lang='lat' dir='ltr'>vitulo</span> 
     </span>
     <span class='ocr_line' id='line_1_19' title="bbox 197 2858 1800 2954; baseline -0.004 -30"><span class='ocrx_word' id='word_1_197' title='bbox 197 2861 365 2938; x_wconf 87' lang='lat' dir='ltr'>observavi,</span> <span class='ocrx_word' id='word_1_198' title='bbox 387 2869 417 2926; x_wconf 92' lang='lat' dir='ltr'>et</span> <span class='ocrx_word' id='word_1_199' title='bbox 438 2863 558 2945; x_wconf 92' lang='lat' dir='ltr'>quidem</span> <span class='ocrx_word' id='word_1_200' title='bbox 580 2864 611 2926; x_wconf 90' lang='lat' dir='ltr'>in</span> <span class='ocrx_word' id='word_1_201' title='bbox 634 2863 743 2944; x_wconf 89' lang='lat' dir='ltr'>exigua</span> <span class='ocrx_word' id='word_1_202' title='bbox 764 2870 878 2926; x_wconf 75' lang='lat' dir='ltr'>tantam</span> <span class='ocrx_word' id='word_1_203' title='bbox 901 2863 1079 2947; x_wconf 86' lang='lat' dir='ltr'>singulaque</span> <span class='ocrx_word' id='word_1_204' title='bbox 1100 2871 1196 2946; x_wconf 86' lang='lat' dir='ltr'>parte,</span> <span class='ocrx_word' id='word_1_205' title='bbox 1219 2883 1310 2946; x_wconf 91' lang='lat' dir='ltr'>qnum</span> <span class='ocrx_word' id='word_1_206' title='bbox 1334 2861 1439 2954; x_wconf 77' lang='lat' dir='ltr'>eadem</span> <span class='ocrx_word' id='word_1_207' title='bbox 1460 2862 1492 2924; x_wconf 90' lang='lat' dir='ltr'>in</span> <span class='ocrx_word' id='word_1_208' title='bbox 1514 2862 1654 2925; x_wconf 87' lang='lat' dir='ltr'>omnibus</span> <span class='ocrx_word' id='word_1_209' title='bbox 1675 2858 1800 2940; x_wconf 86' lang='lat' dir='ltr'>reliquis</span> 
     </span>
     <span class='ocr_line' id='line_1_20' title="bbox 195 2983 1798 3072; baseline -0.004 -24"><span class='ocrx_word' id='word_1_210' title='bbox 195 2985 340 3068; x_wconf 86' lang='lat' dir='ltr'>partibus,</span> <span class='ocrx_word' id='word_1_211' title='bbox 360 2985 431 3048; x_wconf 89' lang='lat' dir='ltr'>licet</span> <span class='ocrx_word' id='word_1_212' title='bbox 454 2986 524 3048; x_wconf 91' lang='lat' dir='ltr'>calli</span> <span class='ocrx_word' id='word_1_213' title='bbox 545 2987 725 3050; x_wconf 80' lang='lat' dir='ltr'>formatione</span> <span class='ocrx_word' id='word_1_214' title='bbox 746 2987 778 3049; x_wconf 93' lang='lat' dir='ltr'>in</span> <span class='ocrx_word' id='word_1_215' title='bbox 800 2987 837 3052; x_wconf 89' lang='lat' dir='ltr'>iis</span> <span class='ocrx_word' id='word_1_216' title='bbox 861 3005 956 3070; x_wconf 87' lang='lat' dir='ltr'>aeque</span> <span class='ocrx_word' id='word_1_217' title='bbox 974 2987 1309 3072; x_wconf 31' lang='lat' dir='ltr'>atqueulteriusxetiam</span> <span class='ocrx_word' id='word_1_218' title='bbox 1331 3005 1500 3068; x_wconf 87' lang='lat' dir='ltr'>progressa,</span> <span class='ocrx_word' id='word_1_219' title='bbox 1522 3003 1649 3067; x_wconf 88' lang='lat' dir='ltr'>prorsus</span> <span class='ocrx_word' id='word_1_220' title='bbox 1671 2983 1798 3046; x_wconf 87' lang='lat' dir='ltr'>deesset.</span> 
     </span>
     <span class='ocr_line' id='line_1_21' title="bbox 195 3105 1799 3195; baseline -0.002 -25"><span class='ocrx_word' id='word_1_221' title='bbox 195 3109 345 3192; x_wconf 86' lang='lat' dir='ltr'>Sequitur,</span> <span class='ocrx_word' id='word_1_222' title='bbox 367 3111 486 3172; x_wconf 89' lang='lat' dir='ltr'>utbaec</span> <span class='ocrx_word' id='word_1_223' title='bbox 507 3130 556 3172; x_wconf 91' lang='lat' dir='ltr'>res</span> <span class='ocrx_word' id='word_1_224' title='bbox 577 3109 655 3171; x_wconf 88' lang='lat' dir='ltr'>baud</span> <span class='ocrx_word' id='word_1_225' title='bbox 679 3110 736 3173; x_wconf 91' lang='lat' dir='ltr'>sibi</span> <span class='ocrx_word' id='word_1_226' title='bbox 759 3117 877 3174; x_wconf 87' lang='lat' dir='ltr'>constet</span> <span class='ocrx_word' id='word_1_227' title='bbox 890 3130 989 3195; x_wconf 90' lang='lat' dir='ltr'>neque</span> <span class='ocrx_word' id='word_1_228' title='bbox 1007 3111 1179 3174; x_wconf 90' lang='lat' dir='ltr'>necessario</span> <span class='ocrx_word' id='word_1_229' title='bbox 1201 3110 1327 3184; x_wconf 63' lang='lat' dir='ltr'>incidam</span> <span class='ocrx_word' id='word_1_230' title='bbox 1349 3115 1439 3192; x_wconf 86' lang='lat' dir='ltr'>atque</span> <span class='ocrx_word' id='word_1_231' title='bbox 1457 3109 1593 3193; x_wconf 90' lang='lat' dir='ltr'>equidem</span> <span class='ocrx_word' id='word_1_232' title='bbox 1603 3105 1799 3172; x_wconf 88' lang='lat' dir='ltr'>substantiam</span> 
     </span>
     <span class='ocr_line' id='line_1_22' title="bbox 195 3230 1798 3318; baseline -0.002 -22"><span class='ocrx_word' id='word_1_233' title='bbox 195 3251 314 3296; x_wconf 87' lang='lat' dir='ltr'>osseam</span> <span class='ocrx_word' id='word_1_234' title='bbox 335 3251 455 3310; x_wconf 85' lang='lat' dir='ltr'>novam,</span> <span class='ocrx_word' id='word_1_235' title='bbox 477 3233 508 3297; x_wconf 88' lang='lat' dir='ltr'>in</span> <span class='ocrx_word' id='word_1_236' title='bbox 529 3234 721 3315; x_wconf 85' lang='lat' dir='ltr'>marginibus,</span> <span class='ocrx_word' id='word_1_237' title='bbox 743 3243 903 3318; x_wconf 88' lang='lat' dir='ltr'>postquam</span> <span class='ocrx_word' id='word_1_238' title='bbox 925 3234 1092 3297; x_wconf 83' lang='lat' dir='ltr'>substantia</span> <span class='ocrx_word' id='word_1_239' title='bbox 1113 3234 1288 3298; x_wconf 87' lang='lat' dir='ltr'>intermedia</span> <span class='ocrx_word' id='word_1_240' title='bbox 1309 3253 1378 3296; x_wconf 90' lang='lat' dir='ltr'>cum</span> <span class='ocrx_word' id='word_1_241' title='bbox 1400 3233 1446 3296; x_wconf 88' lang='lat' dir='ltr'>bis</span> <span class='ocrx_word' id='word_1_242' title='bbox 1468 3233 1591 3310; x_wconf 81' lang='lat' dir='ltr'>coaluit,</span> <span class='ocrx_word' id='word_1_243' title='bbox 1614 3230 1798 3294; x_wconf 84' lang='lat' dir='ltr'>exorientem</span> 
     </span>
     <span class='ocr_line' id='line_1_23' title="bbox 194 3354 1799 3439; baseline -0.001 -21"><span class='ocrx_word' id='word_1_244' title='bbox 194 3376 213 3418; x_wconf 93' lang='lat' dir='ltr'>a</span> <span class='ocrx_word' id='word_1_245' title='bbox 242 3356 399 3436; x_wconf 90' lang='lat' dir='ltr'>Meding</span> <span class='ocrx_word' id='word_1_246' title='bbox 432 3375 491 3437; x_wconf 91' lang='lat' dir='ltr'>pro</span> <span class='ocrx_word' id='word_1_247' title='bbox 519 3356 579 3418; x_wconf 90' lang='lat' dir='ltr'>tela</span> <span class='ocrx_word' id='word_1_248' title='bbox 606 3358 686 3421; x_wconf 89' lang='lat' dir='ltr'>ossis</span> <span class='ocrx_word' id='word_1_249' title='bbox 712 3357 830 3439; x_wconf 89' lang='lat' dir='ltr'>pristini</span> <span class='ocrx_word' id='word_1_250' title='bbox 858 3359 1006 3421; x_wconf 86' lang='lat' dir='ltr'>rarefacta</span> <span class='ocrx_word' id='word_1_251' title='bbox 1038 3358 1167 3421; x_wconf 85' lang='lat' dir='ltr'>habitam</span> <span class='ocrx_word' id='word_1_252' title='bbox 1203 3377 1270 3422; x_wconf 87' lang='lat' dir='ltr'>esse</span> <span class='ocrx_word' id='word_1_253' title='bbox 1305 3357 1493 3420; x_wconf 86' lang='lat' dir='ltr'>crediderim.</span> <span class='ocrx_word' id='word_1_254' title='bbox 1548 3355 1686 3419; x_wconf 88' lang='lat' dir='ltr'>Weber</span> <span class='ocrx_word' id='word_1_255' title='bbox 1718 3354 1799 3434; x_wconf 87' lang='lat' dir='ltr'>frag·</span> 
     </span>
     <span class='ocr_line' id='line_1_24' title="bbox 193 3479 1797 3564; baseline -0.001 -22"><span class='ocrx_word' id='word_1_256' title='bbox 193 3487 363 3542; x_wconf 88' lang='lat' dir='ltr'>mentorum</span> <span class='ocrx_word' id='word_1_257' title='bbox 385 3479 477 3555; x_wconf 86' lang='lat' dir='ltr'>fines,</span> <span class='ocrx_word' id='word_1_258' title='bbox 499 3485 647 3562; x_wconf 87' lang='lat' dir='ltr'>quatenus</span> <span class='ocrx_word' id='word_1_259' title='bbox 668 3482 822 3563; x_wconf 85' lang='lat' dir='ltr'>periosteo</span> <span class='ocrx_word' id='word_1_260' title='bbox 845 3482 1046 3562; x_wconf 88' lang='lat' dir='ltr'>denudentur,</span> <span class='ocrx_word' id='word_1_261' title='bbox 1067 3483 1257 3564; x_wconf 89' lang='lat' dir='ltr'>resorptione</span> <span class='ocrx_word' id='word_1_262' title='bbox 1279 3481 1493 3545; x_wconf 86' lang='lat' dir='ltr'>contabescere</span> <span class='ocrx_word' id='word_1_263' title='bbox 1516 3502 1535 3544; x_wconf 90' lang='lat' dir='ltr'>a</span> <span class='ocrx_word' id='word_1_264' title='bbox 1556 3499 1590 3545; x_wconf 89' lang='lat' dir='ltr'>se</span> <span class='ocrx_word' id='word_1_265' title='bbox 1604 3479 1797 3544; x_wconf 86' lang='lat' dir='ltr'>observatum</span> 
     </span>
     <span class='ocr_line' id='line_1_25' title="bbox 194 3600 1796 3690; baseline -0.002 -24"><span class='ocrx_word' id='word_1_266' title='bbox 194 3603 338 3678; x_wconf 61' lang='lat' dir='ltr'>affirmem</span> <span class='ocrx_word' id='word_1_267' title='bbox 360 3601 390 3663; x_wconf 90' lang='lat' dir='ltr'>in</span> <span class='ocrx_word' id='word_1_268' title='bbox 414 3621 502 3684; x_wconf 88' lang='lat' dir='ltr'>quem</span> <span class='ocrx_word' id='word_1_269' title='bbox 526 3623 660 3667; x_wconf 90' lang='lat' dir='ltr'>errorem</span> <span class='ocrx_word' id='word_1_270' title='bbox 671 3605 812 3668; x_wconf 88' lang='lat' dir='ltr'>incidisse</span> <span class='ocrx_word' id='word_1_271' title='bbox 827 3606 948 3669; x_wconf 89' lang='lat' dir='ltr'>videtur</span> <span class='ocrx_word' id='word_1_272' title='bbox 969 3627 1014 3684; x_wconf 88' lang='lat' dir='ltr'>ea,</span> <span class='ocrx_word' id='word_1_273' title='bbox 1037 3607 1291 3690; x_wconf 88' lang='lat' dir='ltr'>qnaperiosteum</span> <span class='ocrx_word' id='word_1_274' title='bbox 1313 3606 1412 3668; x_wconf 90' lang='lat' dir='ltr'>adbuc</span> <span class='ocrx_word' id='word_1_275' title='bbox 1434 3605 1582 3682; x_wconf 79' lang='lat' dir='ltr'>adhaeret,</span> <span class='ocrx_word' id='word_1_276' title='bbox 1604 3607 1694 3666; x_wconf 90' lang='lat' dir='ltr'>aucto</span> <span class='ocrx_word' id='word_1_277' title='bbox 1718 3600 1796 3664; x_wconf 90' lang='lat' dir='ltr'>ossis</span> 
     </span>
     <span class='ocr_line' id='line_1_26' title="bbox 194 3723 1796 3822; baseline -0.002 -34"><span class='ocrx_word' id='word_1_278' title='bbox 194 3725 321 3798; x_wconf 68' lang='lat' dir='ltr'>ambituq</span> <span class='ocrx_word' id='word_1_279' title='bbox 350 3735 381 3787; x_wconf 95' lang='lat' dir='ltr'>at</span> <span class='ocrx_word' id='word_1_280' title='bbox 407 3744 483 3789; x_wconf 83' lang='lat' dir='ltr'>vero</span> <span class='ocrx_word' id='word_1_281' title='bbox 505 3727 555 3788; x_wconf 90' lang='lat' dir='ltr'>bic</span> <span class='ocrx_word' id='word_1_282' title='bbox 576 3734 677 3789; x_wconf 92' lang='lat' dir='ltr'>tumor</span> <span class='ocrx_word' id='word_1_283' title='bbox 697 3747 773 3822; x_wconf 80' lang='lat' dir='ltr'>uoq,</span> <span class='ocrx_word' id='word_1_284' title='bbox 807 3729 851 3790; x_wconf 90' lang='lat' dir='ltr'>uti</span> <span class='ocrx_word' id='word_1_285' title='bbox 872 3729 1016 3792; x_wconf 89' lang='lat' dir='ltr'>Weber</span> <span class='ocrx_word' id='word_1_286' title='bbox 1048 3737 1078 3792; x_wconf 91' lang='lat' dir='ltr'>et</span> <span class='ocrx_word' id='word_1_287' title='bbox 1111 3730 1287 3792; x_wconf 91' lang='lat' dir='ltr'>Gendrin</span> <span class='ocrx_word' id='word_1_288' title='bbox 1317 3727 1465 3804; x_wconf 87' lang='lat' dir='ltr'>obtinent,</span> <span class='ocrx_word' id='word_1_289' title='bbox 1492 3727 1643 3789; x_wconf 83' lang='lat' dir='ltr'>laxatione</span> <span class='ocrx_word' id='word_1_290' title='bbox 1665 3723 1796 3808; x_wconf 87' lang='lat' dir='ltr'>quadam</span> 
     </span>
     <span class='ocr_line' id='line_1_27' title="bbox 192 3845 1795 3932; baseline -0.004 -19"><span class='ocrx_word' id='word_1_291' title='bbox 192 3849 271 3914; x_wconf 89' lang='lat' dir='ltr'>telae</span> <span class='ocrx_word' id='word_1_292' title='bbox 300 3867 405 3912; x_wconf 86' lang='lat' dir='ltr'>osseae</span> <span class='ocrx_word' id='word_1_293' title='bbox 427 3849 602 3930; x_wconf 90' lang='lat' dir='ltr'>primariae,</span> <span class='ocrx_word' id='word_1_294' title='bbox 625 3849 679 3912; x_wconf 89' lang='lat' dir='ltr'>sed</span> <span class='ocrx_word' id='word_1_295' title='bbox 701 3850 867 3913; x_wconf 85' lang='lat' dir='ltr'>substantia</span> <span class='ocrx_word' id='word_1_296' title='bbox 889 3869 979 3914; x_wconf 88' lang='lat' dir='ltr'>ossea</span> <span class='ocrx_word' id='word_1_297' title='bbox 999 3871 1106 3914; x_wconf 87' lang='lat' dir='ltr'>recens</span> <span class='ocrx_word' id='word_1_298' title='bbox 1129 3853 1255 3914; x_wconf 87' lang='lat' dir='ltr'>formata</span> <span class='ocrx_word' id='word_1_299' title='bbox 1278 3851 1387 3923; x_wconf 64' lang='lat' dir='ltr'>unitum</span> <span class='ocrx_word' id='word_1_300' title='bbox 1410 3867 1508 3932; x_wconf 88' lang='lat' dir='ltr'>neque</span> <span class='ocrx_word' id='word_1_301' title='bbox 1530 3867 1582 3926; x_wconf 88' lang='lat' dir='ltr'>os,</span> <span class='ocrx_word' id='word_1_302' title='bbox 1612 3847 1695 3930; x_wconf 90' lang='lat' dir='ltr'>quod</span> <span class='ocrx_word' id='word_1_303' title='bbox 1723 3845 1795 3910; x_wconf 88' lang='lat' dir='ltr'>sub-</span> 
     </span>
     <span class='ocr_line' id='line_1_28' title="bbox 193 3971 1796 4058; baseline -0.004 -20"><span class='ocrx_word' id='word_1_304' title='bbox 193 3979 253 4052; x_wconf 80' lang='lat' dir='ltr'>eat,</span> <span class='ocrx_word' id='word_1_305' title='bbox 280 3972 345 4036; x_wconf 89' lang='lat' dir='ltr'>ullo</span> <span class='ocrx_word' id='word_1_306' title='bbox 374 3973 467 4036; x_wconf 91' lang='lat' dir='ltr'>modo</span> <span class='ocrx_word' id='word_1_307' title='bbox 496 3978 641 4035; x_wconf 76' lang='lat' dir='ltr'>mutaturus</span> <span class='ocrx_word' id='word_1_308' title='bbox 670 3979 805 4054; x_wconf 83' lang='lat' dir='ltr'>apparet.</span> <span class='ocrx_word' id='word_1_309' title='bbox 856 3971 924 4036; x_wconf 90' lang='lat' dir='ltr'>Nec</span> <span class='ocrx_word' id='word_1_310' title='bbox 954 3975 1065 4052; x_wconf 87' lang='lat' dir='ltr'>minus,</span> <span class='ocrx_word' id='word_1_311' title='bbox 1096 3974 1178 4058; x_wconf 93' lang='lat' dir='ltr'>quod</span> <span class='ocrx_word' id='word_1_312' title='bbox 1201 3975 1345 4056; x_wconf 89' lang='lat' dir='ltr'>Scarpa</span> <span class='ocrx_word' id='word_1_313' title='bbox 1367 3974 1534 4054; x_wconf 84' lang='lat' dir='ltr'>fragmenta</span> <span class='ocrx_word' id='word_1_314' title='bbox 1555 3992 1592 4036; x_wconf 90' lang='lat' dir='ltr'>ea</span> <span class='ocrx_word' id='word_1_315' title='bbox 1612 3979 1712 4054; x_wconf 86' lang='lat' dir='ltr'>parte,</span> <span class='ocrx_word' id='word_1_316' title='bbox 1735 3989 1796 4054; x_wconf 89' lang='lat' dir='ltr'>qua</span> 
     </span>
     <span class='ocr_line' id='line_1_29' title="bbox 192 4096 1795 4181; baseline -0.001 -21"><span class='ocrx_word' id='word_1_317' title='bbox 192 4097 249 4160; x_wconf 90' lang='lat' dir='ltr'>sibi</span> <span class='ocrx_word' id='word_1_318' title='bbox 271 4096 503 4179; x_wconf 86' lang='lat' dir='ltr'>superimposita</span> <span class='ocrx_word' id='word_1_319' title='bbox 525 4097 584 4160; x_wconf 91' lang='lat' dir='ltr'>sint</span> <span class='ocrx_word' id='word_1_320' title='bbox 607 4097 761 4181; x_wconf 87' lang='lat' dir='ltr'>faciesque</span> <span class='ocrx_word' id='word_1_321' title='bbox 781 4097 838 4160; x_wconf 90' lang='lat' dir='ltr'>sibi</span> <span class='ocrx_word' id='word_1_322' title='bbox 860 4098 1026 4174; x_wconf 87' lang='lat' dir='ltr'>obvertant,</span> <span class='ocrx_word' id='word_1_323' title='bbox 1050 4098 1234 4179; x_wconf 84' lang='lat' dir='ltr'>expansione</span> <span class='ocrx_word' id='word_1_324' title='bbox 1250 4097 1327 4160; x_wconf 91' lang='lat' dir='ltr'>telae</span> <span class='ocrx_word' id='word_1_325' title='bbox 1350 4117 1457 4161; x_wconf 83' lang='lat' dir='ltr'>osseae</span> <span class='ocrx_word' id='word_1_326' title='bbox 1469 4098 1548 4160; x_wconf 87' lang='lat' dir='ltr'>inter</span> <span class='ocrx_word' id='word_1_327' title='bbox 1569 4117 1603 4160; x_wconf 87' lang='lat' dir='ltr'>se</span> <span class='ocrx_word' id='word_1_328' title='bbox 1614 4100 1697 4160; x_wconf 89' lang='lat' dir='ltr'>coire</span> <span class='ocrx_word' id='word_1_329' title='bbox 1720 4115 1795 4160; x_wconf 88' lang='lat' dir='ltr'>con·</span> 
     </span>
     <span class='ocr_line' id='line_1_30' title="bbox 194 4219 1794 4305; baseline -0.001 -21"><span class='ocrx_word' id='word_1_330' title='bbox 194 4220 300 4298; x_wconf 89' lang='lat' dir='ltr'>tendit,</span> <span class='ocrx_word' id='word_1_331' title='bbox 323 4220 447 4283; x_wconf 88' lang='lat' dir='ltr'>omnino</span> <span class='ocrx_word' id='word_1_332' title='bbox 470 4219 578 4284; x_wconf 86' lang='lat' dir='ltr'>falsum</span> <span class='ocrx_word' id='word_1_333' title='bbox 601 4228 661 4296; x_wconf 84' lang='lat' dir='ltr'>est;</span> <span class='ocrx_word' id='word_1_334' title='bbox 683 4221 717 4284; x_wconf 87' lang='lat' dir='ltr'>fit</span> <span class='ocrx_word' id='word_1_335' title='bbox 739 4221 817 4284; x_wconf 90' lang='lat' dir='ltr'>enim</span> <span class='ocrx_word' id='word_1_336' title='bbox 839 4222 947 4285; x_wconf 92' lang='lat' dir='ltr'>reunio</span> <span class='ocrx_word' id='word_1_337' title='bbox 970 4223 1001 4284; x_wconf 93' lang='lat' dir='ltr'>in</span> <span class='ocrx_word' id='word_1_338' title='bbox 1023 4222 1081 4284; x_wconf 90' lang='lat' dir='ltr'>bac</span> <span class='ocrx_word' id='word_1_339' title='bbox 1103 4231 1201 4304; x_wconf 88' lang='lat' dir='ltr'>parte,</span> <span class='ocrx_word' id='word_1_340' title='bbox 1223 4241 1285 4285; x_wconf 90' lang='lat' dir='ltr'>uon</span> <span class='ocrx_word' id='word_1_341' title='bbox 1307 4222 1395 4284; x_wconf 88' lang='lat' dir='ltr'>aliter</span> <span class='ocrx_word' id='word_1_342' title='bbox 1417 4231 1505 4304; x_wconf 87' lang='lat' dir='ltr'>atque</span> <span class='ocrx_word' id='word_1_343' title='bbox 1529 4222 1560 4285; x_wconf 89' lang='lat' dir='ltr'>in</span> <span class='ocrx_word' id='word_1_344' title='bbox 1583 4221 1705 4305; x_wconf 87' lang='lat' dir='ltr'>reliquis</span> <span class='ocrx_word' id='word_1_345' title='bbox 1728 4239 1794 4284; x_wconf 86' lang='lat' dir='ltr'>orn·-</span> 
     </span>
     <span class='ocr_line' id='line_1_31' title="bbox 191 4343 1795 4426; baseline 0 -18"><span class='ocrx_word' id='word_1_346' title='bbox 191 4343 295 4421; x_wconf 86' lang='lat' dir='ltr'>uibus,</span> <span class='ocrx_word' id='word_1_347' title='bbox 323 4343 489 4406; x_wconf 87' lang='lat' dir='ltr'>substantia</span> <span class='ocrx_word' id='word_1_348' title='bbox 515 4365 605 4408; x_wconf 88' lang='lat' dir='ltr'>ossea</span> <span class='ocrx_word' id='word_1_349' title='bbox 636 4365 743 4408; x_wconf 88' lang='lat' dir='ltr'>recens</span> <span class='ocrx_word' id='word_1_350' title='bbox 772 4349 886 4407; x_wconf 81' lang='lat' dir='ltr'>exorta</span> <span class='ocrx_word' id='word_1_351' title='bbox 940 4347 1112 4408; x_wconf 88' lang='lat' dir='ltr'>Postericre</span> <span class='ocrx_word' id='word_1_352' title='bbox 1140 4364 1214 4408; x_wconf 85' lang='lat' dir='ltr'>vero</span> <span class='ocrx_word' id='word_1_353' title='bbox 1244 4353 1394 4426; x_wconf 89' lang='lat' dir='ltr'>tempore,</span> <span class='ocrx_word' id='word_1_354' title='bbox 1420 4344 1472 4407; x_wconf 92' lang='lat' dir='ltr'>ubi</span> <span class='ocrx_word' id='word_1_355' title='bbox 1495 4344 1591 4408; x_wconf 83' lang='lat' dir='ltr'>callus</span> <span class='ocrx_word' id='word_1_356' title='bbox 1613 4345 1711 4408; x_wconf 90' lang='lat' dir='ltr'>forma</span> <span class='ocrx_word' id='word_1_357' title='bbox 1728 4346 1795 4426; x_wconf 88' lang='lat' dir='ltr'>jam</span> 
     </span>
     <span class='ocr_line' id='line_1_32' title="bbox 192 4467 1793 4551; baseline -0.002 -19"><span class='ocrx_word' id='word_1_358' title='bbox 192 4473 416 4532; x_wconf 86' lang='lat' dir='ltr'>consummatus</span> <span class='ocrx_word' id='word_1_359' title='bbox 439 4474 492 4541; x_wconf 86' lang='lat' dir='ltr'>est,</span> <span class='ocrx_word' id='word_1_360' title='bbox 515 4486 552 4530; x_wconf 91' lang='lat' dir='ltr'>os</span> <span class='ocrx_word' id='word_1_361' title='bbox 574 4469 752 4549; x_wconf 88' lang='lat' dir='ltr'>primarium</span> <span class='ocrx_word' id='word_1_362' title='bbox 774 4487 867 4550; x_wconf 88' lang='lat' dir='ltr'>saepe</span> <span class='ocrx_word' id='word_1_363' title='bbox 878 4470 1065 4546; x_wconf 86' lang='lat' dir='ltr'>commutari,</span> <span class='ocrx_word' id='word_1_364' title='bbox 1087 4468 1371 4550; x_wconf 85' lang='lat' dir='ltr'>spongosiuurfieri,</span> <span class='ocrx_word' id='word_1_365' title='bbox 1394 4467 1486 4532; x_wconf 92' lang='lat' dir='ltr'>immo</span> <span class='ocrx_word' id='word_1_366' title='bbox 1497 4489 1623 4551; x_wconf 86' lang='lat' dir='ltr'>prorsus</span> <span class='ocrx_word' id='word_1_367' title='bbox 1642 4469 1793 4534; x_wconf 87' lang='lat' dir='ltr'>resorberi</span> 
     </span>
     <span class='ocr_line' id='line_1_33' title="bbox 191 4587 1792 4674; baseline 0.002 -24"><span class='ocrx_word' id='word_1_368' title='bbox 191 4608 301 4674; x_wconf 84' lang='lat' dir='ltr'>posse,</span> <span class='ocrx_word' id='word_1_369' title='bbox 328 4607 421 4669; x_wconf 85' lang='lat' dir='ltr'>supra</span> <span class='ocrx_word' id='word_1_370' title='bbox 441 4587 578 4669; x_wconf 89' lang='lat' dir='ltr'>pluribus</span> <span class='ocrx_word' id='word_1_371' title='bbox 600 4589 677 4654; x_wconf 90' lang='lat' dir='ltr'>locis</span> <span class='ocrx_word' id='word_1_372' title='bbox 699 4591 881 4655; x_wconf 89' lang='lat' dir='ltr'>monuimus.</span> <span class='ocrx_word' id='word_1_373' title='bbox 926 4593 1031 4673; x_wconf 73' lang='lat' dir='ltr'>tanga</span> <span class='ocrx_word' id='word_1_374' title='bbox 1052 4593 1142 4672; x_wconf 88' lang='lat' dir='ltr'>igitur</span> <span class='ocrx_word' id='word_1_375' title='bbox 1164 4590 1256 4670; x_wconf 87' lang='lat' dir='ltr'>abest,</span> <span class='ocrx_word' id='word_1_376' title='bbox 1279 4599 1370 4656; x_wconf 90' lang='lat' dir='ltr'>utos</span> <span class='ocrx_word' id='word_1_377' title='bbox 1392 4611 1450 4674; x_wconf 91' lang='lat' dir='ltr'>pro</span> <span class='ocrx_word' id='word_1_378' title='bbox 1473 4593 1533 4656; x_wconf 84' lang='lat' dir='ltr'>tela</span> <span class='ocrx_word' id='word_1_379' title='bbox 1554 4594 1636 4656; x_wconf 88' lang='lat' dir='ltr'>baud</span> <span class='ocrx_word' id='word_1_380' title='bbox 1656 4591 1792 4656; x_wconf 87' lang='lat' dir='ltr'>mutabili</span> 
     </span>
     <span class='ocr_line' id='line_1_34' title="bbox 192 4711 1793 4796; baseline 0.001 -18"><span class='ocrx_word' id='word_1_381' title='bbox 192 4719 224 4778; x_wconf 87' lang='lat' dir='ltr'>et</span> <span class='ocrx_word' id='word_1_382' title='bbox 245 4721 385 4796; x_wconf 91' lang='lat' dir='ltr'>tauquam</span> <span class='ocrx_word' id='word_1_383' title='bbox 412 4711 492 4775; x_wconf 81' lang='lat' dir='ltr'>vitae</span> <span class='ocrx_word' id='word_1_384' title='bbox 514 4721 638 4795; x_wconf 87' lang='lat' dir='ltr'>experte</span> <span class='ocrx_word' id='word_1_385' title='bbox 666 4714 807 4790; x_wconf 66' lang='lat' dir='ltr'>babeam</span> <span class='ocrx_word' id='word_1_386' title='bbox 840 4715 900 4779; x_wconf 87' lang='lat' dir='ltr'>hoc</span> <span class='ocrx_word' id='word_1_387' title='bbox 922 4721 1035 4778; x_wconf 67' lang='lat' dir='ltr'>mutum</span> <span class='ocrx_word' id='word_1_388' title='bbox 1059 4715 1141 4792; x_wconf 85' lang='lat' dir='ltr'>volo,</span> <span class='ocrx_word' id='word_1_389' title='bbox 1164 4715 1194 4778; x_wconf 91' lang='lat' dir='ltr'>iu</span> <span class='ocrx_word' id='word_1_390' title='bbox 1218 4714 1391 4792; x_wconf 70' lang='lat' dir='ltr'>essedum</span> <span class='ocrx_word' id='word_1_391' title='bbox 1414 4715 1510 4780; x_wconf 88' lang='lat' dir='ltr'>callus</span> <span class='ocrx_word' id='word_1_392' title='bbox 1533 4718 1692 4793; x_wconf 86' lang='lat' dir='ltr'>formatur,</span> <span class='ocrx_word' id='word_1_393' title='bbox 1725 4735 1793 4780; x_wconf 89' lang='lat' dir='ltr'>mu·</span> 
     </span>
    </p>
   </div>
   <div class='ocr_carea' id='block_1_3' title="bbox 191 4837 1379 4930">
    <p class='ocr_par' dir='ltr' id='par_1_4' title="bbox 191 4837 1379 4930">
     <span class='ocr_line' id='line_1_35' title="bbox 191 4837 1379 4930; baseline -0.002 -27"><span class='ocrx_word' id='word_1_394' title='bbox 191 4838 328 4916; x_wconf 86' lang='lat' dir='ltr'>tationes,</span> <span class='ocrx_word' id='word_1_395' title='bbox 350 4853 426 4920; x_wconf 83' lang='lat' dir='ltr'>quas</span> <span class='ocrx_word' id='word_1_396' title='bbox 448 4837 498 4900; x_wconf 86' lang='lat' dir='ltr'>alii</span> <span class='ocrx_word' id='word_1_397' title='bbox 520 4857 576 4930; x_wconf 77' lang='lat' dir='ltr'>per</span> <span class='ocrx_word' id='word_1_398' title='bbox 597 4839 656 4904; x_wconf 89' lang='lat' dir='ltr'>boc</span> <span class='ocrx_word' id='word_1_399' title='bbox 679 4846 798 4922; x_wconf 90' lang='lat' dir='ltr'>tempus</span> <span class='ocrx_word' id='word_1_400' title='bbox 821 4847 939 4904; x_wconf 87' lang='lat' dir='ltr'>exstare</span> <span class='ocrx_word' id='word_1_401' title='bbox 962 4839 1094 4902; x_wconf 78' lang='lat' dir='ltr'>arbitradi</span> <span class='ocrx_word' id='word_1_402' title='bbox 1117 4846 1196 4914; x_wconf 77' lang='lat' dir='ltr'>sunt,</span> <span class='ocrx_word' id='word_1_403' title='bbox 1219 4858 1280 4902; x_wconf 91' lang='lat' dir='ltr'>non</span> <span class='ocrx_word' id='word_1_404' title='bbox 1304 4838 1379 4901; x_wconf 87' lang='lat' dir='ltr'>fieri.</span> 
     </span>
    </p>
   </div>
   <div class='ocr_carea' id='block_1_4' title="bbox 0 0 2396 5894">
    <p class='ocr_par' dir='ltr' id='par_1_5' title="bbox 0 0 2396 5894">
     <span class='ocr_line' id='line_1_36' title="bbox 0 0 2396 5894; baseline 0 7"><span class='ocrx_word' id='word_1_405' title='bbox 0 0 2396 5894; x_wconf 95' lang='lat' dir='ltr'> </span> 
     </span>
    </p>
   </div>
  </div>
 </body>
</html>
