4784 5894
1388 524 1463 600 lle

621 729 680 792 seis
704 734 790 813 quasi
811 735 955 814 pontibus
977 736 1108 813 reunitis,
1130 735 1354 820 relinquuntur,
1377 736 1542 817 eademque
1564 739 1741 816 apparatam
1770 732 2001 816 ligamentosum
2023 733 2152 814 effingit,
2174 735 2223 818 qui

621 853 652 913 in
675 855 809 918 articulis
831 865 951 938 praeter
971 865 1117 936 naturam,
1140 879 1218 941 quos
1241 859 1352 935 dicunt,
1375 862 1540 940 fragmenta
1561 859 1703 920 continet.
1747 858 1910 942 Nunquam
1933 859 1963 919 in
1986 878 2022 921 ea
2044 863 2158 938 puncta
2173 873 2223 919 cs·

622 976 797 1041 sificationis
819 979 946 1042 existere
968 980 1044 1056 vidi;
1080 1002 1116 1044 ac
1144 983 1169 1045 si
1198 984 1321 1066 quando
1348 983 1408 1045 tale
1436 983 1508 1065 quid
1537 982 1673 1044 stenima
1701 981 1870 1060 videbatur,
1904 1000 2023 1062 semper
2056 979 2224 1060 diligentius

624 1119 687 1160 rem
708 1111 900 1182 perscrutans
922 1104 1053 1166 assulam
1086 1107 1288 1182 inveniebam,
1325 1127 1362 1168 ex
1396 1125 1456 1188 qua
1483 1125 1564 1167 rrova
1596 1105 1649 1166 illa
1679 1105 1844 1168 substantia
1873 1125 1962 1168 ossea
1992 1105 2130 1186 prolecta
2153 1111 2224 1164 erat.

624 1225 810 1306 Quamquam
834 1226 923 1306 igitur
945 1228 1111 1290 substantia
1132 1230 1306 1291 intermedia
1328 1231 1359 1292 in
1381 1230 1492 1292 cellum
1515 1229 1583 1309 ipsa
1604 1247 1667 1290 non
1690 1229 1764 1305 abit,
1793 1247 1855 1290 nou
1885 1235 1983 1290 tarmen
2006 1225 2080 1290 nibil
2102 1225 2143 1288 ad
2165 1226 2224 1288 ral-

622 1344 684 1406 lum
708 1349 939 1428 contingendum
962 1349 1095 1426 conferte
1118 1372 1210 1434 quum
1233 1353 1312 1414 enim
1335 1373 1403 1414 cum
1425 1352 1609 1432 marginibus
1631 1352 1780 1412 fracturae
1807 1359 1837 1413 et
1868 1371 1936 1412 cunr
1965 1350 2125 1431 superficie
2148 1350 2223 1414 ossis

624 1469 775 1548 periosteo
798 1473 909 1535 nudata
932 1474 1091 1552 coalescat,
1112 1476 1237 1538 nutritio
1260 1477 1365 1537 barum
1387 1476 1525 1556 partium,
1548 1483 1617 1537 ante
1648 1474 1687 1537 ad
1715 1453 1869 1538 minimum
1889 1475 2025 1552 redacta,
2052 1473 2223 1548 restitutur,

623 1592 751 1675 indeque
773 1595 814 1670 tit,
836 1607 870 1658 ut
892 1597 947 1658 hac
970 1605 1071 1677 partes
1094 1600 1300 1678 procreandae
1321 1619 1420 1660 novae
1448 1598 1631 1661 substantiae
1660 1617 1767 1662 osseae
1795 1615 1885 1679 pares
1914 1599 1982 1660 sint.
2034 1597 2222 1660 contendere

624 1717 711 1777 etiam
734 1696 843 1800 aliquis
866 1721 969 1798 possit,
992 1720 1087 1800 ipsam
1109 1721 1191 1782 illam
1216 1722 1310 1784 subst.
1333 1723 1548 1798 intermediam,
1570 1729 1731 1804 postquem
1751 1741 1826 1784 vasa
1847 1724 1915 1802 ejus
1937 1741 2006 1784 cam
2026 1720 2108 1784 vasis
2130 1721 2221 1801 ipsius

623 1839 702 1900 ossis
725 1841 859 1918 coierint,
880 1843 970 1923 hujus
991 1843 1022 1904 vi
1045 1851 1134 1926 atque
1156 1865 1194 1906 ex
1215 1845 1275 1907 hoc
1296 1846 1326 1906 in
1351 1865 1469 1908 osseam
1493 1844 1611 1908 mutari.
1657 1846 1761 1928 anue
1790 1846 1937 1908 sententia
1958 1845 2081 1908 refutari
2102 1843 2221 1928 mudena

624 1963 805 2040 argumentis
826 1984 889 2026 non
910 1974 1022 2046 posset,
1045 1975 1182 2044 attamen,
1206 1989 1296 2050 quum
1319 1969 1412 2031 subet.
1436 1968 1619 2044 intermedia,
1641 1989 1703 2065 quo
1726 1975 1862 2050 tempore
1890 1987 1959 2031 cum
1982 1987 2051 2031 osse
2073 1967 2221 2044 coalescit,

622 2083 654 2144 in
678 2093 857 2148 structuram
879 2089 1160 2153 libro-cellulasam
1183 2111 1208 2154 s.
1231 2091 1473 2172 ligamentosam,
1502 2111 1520 2154 a
1543 2071 1736 2172 cartilaginea
1757 2109 1884 2174 prorsus
1907 2090 2071 2169 dinem,
2097 2091 2221 2172 jamjam

622 2205 736 2283 abierit,
770 2212 873 2272 aseri
895 2212 1088 2275 similitudine
1122 2215 1282 2276 admodum
1318 2185 1471 2291 abhorret,
1504 2235 1539 2276 ac
1561 2216 1663 2296 potius
1685 2215 1763 2278 banc
1787 2215 1983 2278 substantiam
2011 2212 2094 2278 callo'
2121 2231 2218 2278 accre-

622 2337 724 2392 scente
745 2337 887 2414 tanquam
909 2334 1020 2415 expelli
1043 2341 1073 2396 et
1094 2338 1285 2416 resorpticne
1306 2338 1417 2399 auferri
1440 2337 1621 2399 credendum
1644 2347 1698 2400 est

783 2454 936 2517 Sententia
957 2457 1120 2536 primuma
1141 2459 1190 2519 dn
1212 2459 1342 2520 Hamel
1365 2461 1531 2540 proposita,
1552 2461 1808 2544 postimprimisa
1828 2462 2059 2544 Fungeroux
2082 2459 2217 2527 etMar·

622 2576 754 2656 rigues
776 2577 907 2656 detensa,
929 2577 1070 2642 callum
1093 2581 1366 2645 ossilicatione
1398 2584 1593 2664 periostei
1626 2585 1743 2663 oriri,
1763 2586 1973 2668 experimentis
1996 2605 2016 2647 a
2036 2584 2173 2649 Detlel
2190 2592 2217 2648 et

591 2671 594 2677 ι
621 2702 696 2763 Tro
700 2702 743 2780 Ja
763 2701 849 2764 factis
871 2703 1172 2782 refutatavidebatur,
1195 2725 1286 2789 quum
1300 2707 1469 2770 novissimis
1482 2707 1666 2789 temporibus
1688 2710 1916 2790 anuytren
1938 2709 2039 2774 denuc
2053 2728 2121 2772 eam
2137 2727 2216 2772 rece-

621 2825 674 2906 pit
719 2826 775 2887 llic
797 2844 860 2887 non
882 2826 982 2889 solum
1007 2828 1190 2909 periosteum
1212 2830 1418 2907 mmelactum,
1440 2831 1494 2894 sed
1517 2833 1604 2893 etiam
1626 2831 1717 2894 telam
1739 2831 1916 2895 ‹mllrdosarn
1937 2834 2081 2918 ipsosque
2100 2851 2215 2896 musm-

619 2948 668 3010 lcs
691 2949 837 3011 ossilican'
859 2949 1018 3012 arbitratus
1041 2959 1094 3030 est,
1121 2953 1211 3035 idque
1234 2954 1480 3017 Gruveilhier
1500 2955 1711 3036 experimentis
1732 2957 1949 3037 comprobasse
1970 2955 2028 3020 sibi
2048 2957 2213 3030 videbatur;

620 3071 773 3133 Howshi
779 3093 798 3150 p
828 3072 1013 3151 periosteum
1035 3074 1066 3135 in
1089 3093 1192 3138 veram
1222 3075 1425 3156 cartilaginem
1447 3078 1555 3139 mutari
1585 3097 1603 3140 a
1631 3098 1665 3142 ee
1687 3079 1879 3144 observatum
1902 3081 2045 3157 affirmata
2079 3081 2214 3143 Weber

620 3203 650 3256 et
672 3193 770 3274 ipsum
792 3193 974 3273 periosteum
997 3197 1142 3260 ossilicari
1163 3199 1290 3280 vultuet
1311 3219 1429 3262 osseam
1459 3201 1611 3264 materiem
1641 3222 1679 3264 ex
1708 3203 1825 3265 interna
1852 3204 1919 3284 ejus
1948 3203 2108 3285 superlicio
2130 3223 2211 3266 exsu-

618 3318 694 3394 dari,
716 3316 886 3379 Gendrin
916 3319 1099 3398 periosteum
1127 3321 1277 3404 telamque
1304 3323 1480 3386 cellulosam
1507 3325 1653 3388 tumelieri
1685 3332 1716 3388 et
1743 3325 1775 3388 in
1803 3345 1933 3389 massam
1960 3325 2214 3409 libro-cartilagi-

615 3459 705 3502 ueam
729 3439 820 3515 abire,
842 3446 930 3521 atque
952 3441 983 3502 in
1004 3443 1061 3504 hac
1083 3455 1195 3523 puncta
1217 3445 1427 3508 ossilicationis
1449 3447 1577 3510 existere
1599 3449 1678 3511 dicit

778 3563 979 3641 Mutationem
1009 3585 1084 3647 ques
1114 3566 1301 3647 inpartibus
1324 3569 1465 3632 mollibus
1488 3571 1568 3632 circa
1590 3573 1749 3635 fracturam
1772 3573 1877 3636 fientes
1899 3593 1993 3655 snpra
2014 3575 2216 3656 exposuimus,

617 3689 647 3750 iu
677 3688 850 3750 memoriam
886 3688 940 3750 tibi
974 3707 1121 3752 revocans
1150 3690 1238 3752 lacile
1270 3691 1435 3773 intelligas,
1474 3695 1525 3776 qui
1566 3695 1630 3756 lieri
1663 3696 1810 3776 potuerit,
1846 3704 1881 3759 ut
1911 3697 1992 3760 baud
2024 3698 2114 3780 pauci
2148 3697 2216 3760 calli

616 3813 825 3876 tolerationem
859 3811 891 3872 in
924 3811 970 3874 bis
1005 3813 1140 3892 partibus
1175 3814 1303 3876 existere
1343 3817 1483 3895 putarint.
1540 3817 1673 3898 Capsula
1713 3837 1731 3880 e
1771 3820 1907 3900 partibus
1945 3819 2088 3884 mollibus
2121 3829 2216 3884 tuma·

616 3936 702 3996 iactis
737 3943 767 3994 et
794 3935 826 3993 in
859 3951 988 3994 massam
1024 3935 1153 3998 albidum
1186 3938 1334 4000 concretis
1372 3939 1501 4001 formata
1534 3949 1617 4003 certo
1651 3942 1782 4026 quodam
1814 3949 1950 4024 tempore
1987 3945 2154 4028 cartilagini
2187 3958 2217 4014 et

617 4055 721 4117 colore
760 4062 790 4116 et
828 4053 974 4116 densitate
1014 4055 1119 4118 similis
1159 4065 1217 4132 est;
1263 4061 1390 4138 accedit,
1431 4063 1512 4144 quod
1553 4071 1661 4145 postea
1699 4065 1806 4128 eodem
1839 4065 1910 4130 loeo
1944 4068 2074 4132 annulus
2108 4091 2214 4138 oseem

616 4177 860 4259 deprehenditur,
901 4188 935 4242 ut
968 4179 1122 4260 capsulam
1159 4181 1340 4245 ossilicatam
1380 4203 1462 4263 esse,
1495 4187 1540 4249 uti
1579 4208 1597 4251 a
1636 4189 1778 4253 Brodie
1809 4190 1919 4252 lacman
1954 4197 2014 4271 est,
2047 4201 2129 4258 recte
2166 4217 2212 4262 ar

616 4301 782 4382 gnmeutari
821 4303 874 4365 tibi
913 4303 1053 4368 videaris.
1119 4303 1234 4366 Verum
1271 4307 1338 4385 jam
1377 4309 1568 4374 Breschet
1605 4313 1732 4393 egregiis
1771 4313 1834 4376 suis
1872 4314 2114 4400 inquisitionibus
2158 4321 2213 4385 sibi

615 4423 778 4506 persuasit,
811 4425 921 4488 callum
947 4447 1010 4489 non
1038 4426 1240 4490 ossilicatione
1268 4413 1426 4509 panasei,
1454 4434 1508 4496 sed
1530 4436 1631 4515 potius
1664 4437 1741 4499 inter
1773 4437 1832 4499 boc
1863 4437 2022 4524 ipsumque
2054 4461 2090 4505 os
2125 4463 2213 4509 excr-

616 4549 685 4622 diri;
714 4547 805 4629 idque
838 4565 906 4609 mea
945 4567 1066 4631 quoque
1106 4552 1310 4631 experimenta
1349 4557 1418 4617 luce
1460 4557 1570 4621 clarius
1609 4559 1823 4622 demonstrant
1884 4563 2016 4626 Primum
2055 4568 2211 4650 vestigium

614 4671 684 4735 calli
706 4669 901 4734 substantiam
922 4671 1014 4732 refert
1034 4671 1246 4750 gelatincsam,
1269 4675 1346 4738 inter
1368 4695 1404 4740 os
1426 4689 1457 4740 et
1477 4681 1662 4760 periosteum
1685 4682 1867 4764 depositam,
1900 4703 1973 4750 mox
2002 4687 2034 4750 in
2061 4692 2209 4776 cartilagi-

613 4815 699 4860 neam
723 4811 901 4876 cassamque
923 4793 1090 4856 abeuntem.
1137 4795 1324 4860 Periosteum
1347 4799 1384 4860 ab
1407 4817 1444 4862 ea
1465 4809 1551 4881 parte
1574 4805 1652 4883 calli,
1674 4809 1836 4888 quaejam
1856 4809 1888 4870 iu
1911 4829 1947 4873 os
1970 4810 2049 4888 abiit,
2071 4814 2209 4880 facillime

611 4917 746 5002 separari
769 4924 881 4998 potest,
916 4917 1068 5004 aliquanta
1090 4937 1165 4983 vero
1189 4919 1340 4984 difficilius
1363 4940 1382 4983 a
1407 4929 1493 5002 parte
1522 4925 1620 4991 adhuc
1642 4929 1848 5010 cartilagirrem
1881 4933 1935 4996 sed
1957 4934 1988 5000 in
2010 4934 2066 5000 bac
2088 4901 2208 5024 quoque
