4768 5894
1380 519 1457 591 ten

617 733 732 790 atnram
754 727 955 792 cananaeae
998 727 1184 791 Permultum
1206 725 1381 809 inquisitum
1401 731 1449 788 est
1471 724 1503 787 in
1528 726 1606 788 bano
1627 726 1790 804 meterem,
1811 743 1925 804 serum,
1938 727 2000 810 qet
2021 727 2210 810 inquiram

616 850 696 913 barac
716 869 807 914 unam
828 856 944 914 tantum
966 851 1144 932 spectabant
1169 851 1390 932 quaestionem,
1417 855 1518 910 mru-
1539 850 1705 914 substantia
1724 869 1831 914 recens
1853 857 1922 914 orta
1942 850 2007 914 eise
2030 851 2152 914 cicadis
2171 859 2212 914 ta·

615 973 674 1050 lae,
696 993 774 1056 quae
795 974 906 1050 subest,
927 993 1054 1055 prorsus
1074 973 1211 1056 sequalis
1232 974 1272 1038 sit
1288 980 1380 1056 atque
1390 971 1482 1053 plena
1502 973 1556 1035 tiat
1575 974 1771 1054 regeneratio,
1792 991 1898 1038 necne.
1942 973 2145 1036 Gamentiamt
2163 975 2212 1055 igi

617 1104 668 1160 tur
689 1098 833 1180 plerique,
856 1097 977 1178 plenam
999 1098 1256 1178 regenerationem
1277 1117 1341 1159 non
1364 1096 1430 1158 lieri
1452 1096 1521 1172 (l)s
1543 1097 1611 1160 sola
1634 1117 1713 1174 ossa,
1735 1097 1819 1179 quod
1840 1096 1961 1180 quidem
1984 1105 2069 1160 nerto
2089 1097 2211 1177 juditam

617 1221 729 1303 possit,
752 1223 830 1283 hanc
852 1221 948 1301 legem
971 1241 1035 1284 non
1058 1229 1239 1304 sequnntur,
1262 1221 1317 1282 sed
1338 1220 1369 1280 in
1384 1219 1437 1282 ¹iris
1459 1220 1693 1300 granulationes,
1715 1220 1787 1282 lieet
1809 1221 1939 1301 mimum
1962 1227 2048 1282 ortae
2071 1241 2089 1282 a
2112 1241 2212 1284 cerun-

615 1345 688 1408 onla
709 1345 839 1424 partium
863 1345 999 1407 mollium
1021 1345 1106 1406 nnlla
1129 1365 1161 1406 re
1184 1345 1397 1424 discrepantes,
1418 1342 1561 1424 ¹deinceps
1584 1343 1800 1426 paullatimqne
1822 1344 1854 1405 in
1876 1321 2082 1424 &amnem
2105 1351 2213 1406 strare

616 1487 736 1532 wem
758 1468 911 1530 materiem
934 1468 1054 1530 abeunt.
1098 1468 1208 1551 Neque
1217 1487 1300 1544 vero,
1323 1467 1460 1530 solorum
1481 1466 1595 1530 ossium
1618 1466 1693 1528 illud
1714 1467 1872 1548 proprium
1882 1485 1959 1543 esse,
1981 1466 2145 1530 verisimile
2165 1474 2214 1544 aa,

615 1592 670 1655 sed
692 1577 915 1674 strepinneium,
938 1593 969 1652 in
992 1592 1115 1680 reliquis
1128 1591 1216 1652 etiam
1227 1591 1296 1652 telis
1318 1590 1513 1652 substantiam
1535 1609 1642 1652 reeetn
1664 1591 1832 1667 ior-metam
1855 1591 1912 1653 etsi
1933 1608 1996 1652 non
2018 1609 2145 1672 prorsum
2167 1609 2215 1652 ae-

616 1717 745 1798 qualem,
767 1716 895 1777 similem
918 1721 1017 1776 tannen
1040 1715 1264 1796 quodammodo
1286 1713 1366 1775 illius
1388 1713 1463 1776 fieri.
1507 1714 1611 1795 ltsqne
1633 1714 1660 1775 si
1682 1713 1845 1790 demost,
1868 1713 2056 1796 maximeque
2074 1715 2138 1793 jam
2160 1715 2215 1776 du·

617 1841 689 1901 dnm
716 1839 849 1912 eiiictae,
875 1837 1077 1917 microseopio
1101 1837 1298 1920 clrcarieisqne
1320 1836 1460 1899 remediis
1482 1837 1731 1919 disquirerentnr,
1768 1855 1830 1900 non
1860 1837 1998 1912 dubium,
2036 1838 2110 1918 quin
2136 1839 2214 1900 lutu-

619 1983 685 2023 rum
719 1968 815 2036 esset,
844 1967 878 2022 nt
904 1979 1006 2022 earurn
1036 1962 1261 2042 comparatione
1284 1961 1377 2023 multa
1411 1967 1441 2022 ot
1474 1960 1513 2020 ad
1535 1961 1614 2022 banc
1633 1961 1801 2024 doctrinm
1823 1961 1982 2024 utilissime
2003 1961 2213 2022 invenirentur.

616 2087 815 2148 Innotuernnt
853 2084 1004 2165 generalia
1044 2086 1206 2167 quaedam,
1247 2103 1325 2166 quae
1366 2083 1405 2145 ad
1445 2085 1522 2145 banc
1559 2103 1623 2145 rem
1666 2085 1832 2164 pertinent3
1873 2093 1907 2146 ut
1941 2084 2119 2147 cellnlossm
2152 2103 2214 2147 esse

545 2271 552 2284 ,
616 2209 785 2272 cicatricem
824 2207 1061 2288 solutioremque
1095 2207 1125 2268 in
1161 2207 1282 2287 organis
1320 2204 1491 2283 cellulosis,
1542 2207 1833 2287 perencirymstosis,
1881 2208 2029 2270 oellnloso
2046 2244 2060 2257 ·
2075 2209 2214 2274 librosan

616 2332 668 2394 sel
689 2331 813 2394 omniuo
837 2329 978 2392 librosam
1003 2329 1032 2390 ia
1057 2329 1227 2392 tendinibns
1255 2337 1285 2390 et
1315 2329 1473 2404 musculis,
1502 2329 1867 2410 iibroso-osrtileginearn
1890 2332 1920 2393 in
1944 2331 2166 2412 cartilaginibus
2188 2341 2215 2393 et

616 2453 803 2528 tendinibus,
826 2471 944 2514 osseam
967 2451 1115 2513 interdum
1138 2451 1171 2512 in
1192 2452 1415 2532 cartilaginibus
1438 2459 1606 2528 costarum,
1628 2473 1707 2535 quae
1728 2473 1767 2517 ex
1789 2455 2008 2518 ossiticanffins
2032 2465 2112 2517 sunt.
2157 2457 2214 2516 Ve-

617 2599 684 2640 ru·
707 2575 873 2659 optandum
895 2581 948 2650 est,
971 2581 1005 2636 nt
1026 2576 1099 2636 htac
1122 2575 1292 2637 cicatricum
1305 2575 1441 2651 varietas,
1464 2595 1541 2657 qnae
1564 2583 1688 2638 externa
1709 2577 1810 2658 specie
1833 2587 2050 2660 contextusque
2073 2579 2214 2642 densum

617 2701 728 2776 nititur,
742 2699 928 2761 accuratiore
941 2698 1149 2780 disquisitione
1160 2699 1290 2778 penitius
1301 2699 1465 2778 indagetur.
1509 2700 1656 2762 Mucosas
1669 2702 1854 2764 rncrnbranas
1870 2702 2087 2779 intestinorum,
2108 2703 2215 2766 uleeri-

618 2825 673 2887 bns
691 2825 867 2899 destructas,
888 2823 1069 2902 regenerari,
1091 2822 1136 2898 iis,
1159 2843 1236 2904 qnae
1259 2823 1526 2899 Sebastiansl)
1549 2823 1729 2898 observarit,
1752 2832 1837 2886 estre
1860 2843 1980 2888 omnem
2003 2825 2215 2889 dubitationem

616 2949 735 3010 videtm
757 2947 889 3028 positam
913 2963 990 3008 esse.
1036 2947 1142 3026 ltaque
1166 2945 1491 3021 Gruveilbierffi),
1514 2967 1606 3026 quum
1626 2947 1797 3009 cicatricem
1820 2969 1858 3011 ex
1881 2951 2099 3030 suppuratione
2120 2959 2215 3013 urtam

616 3071 721 3133 eadem
743 3070 854 3150 ubique
877 3076 1027 3130 strrmnrra
1050 3087 1116 3132 esse
1131 3069 1300 3144 ‘conmndit
1323 3086 1388 3130 eam
1410 3087 1500 3143 vero,
1522 3087 1600 3149 quae
1624 3069 1719 3148 prima
1741 3071 1906 3134 intentione
1927 3074 2081 3151 tenuetur,
2104 3075 2214 3138 variam

616 3213 683 3256 esse
712 3211 769 3273 pru
798 3190 936 3254 telarum⁴
956 3191 1130 3254 diversitate
1156 3193 1297 3272 largitur,
1328 3192 1406 3252 nitra
1433 3209 1539 3254 serum
1565 3201 1650 3255 certe
1674 3194 1853 3274 prolabitur.
1898 3196 2149 3277 Distinguendum
2171 3200 2216 3260 bic

617 3316 775 3396 diligenter
796 3323 843 3378 est
864 3315 1030 3377 inteream
1054 3315 1200 3376 cicatricis
1223 3323 1351 3394 partem,
1375 3335 1452 3397 quae
1475 3315 1514 3376 ed
1536 3324 1692 3378 extentum
1715 3319 1854 3399 corporis
1877 3320 2068 3383 involucrum
2089 3325 2216 3403 pertinet

617 3447 707 3522 atque
734 3437 919 3518 epidermide
949 3437 1095 3499 obsestita
1124 3445 1265 3518 tanquam
1288 3445 1386 3499 entem
1409 3439 1558 3520 quandam
1587 3461 1694 3502 recens
1715 3443 1871 3503 formatem
1894 3445 2015 3520 ret'ert,¹
2030 3453 2121 3528 atque
2143 3448 2216 3508 inter

616 3583 700 3644 aens,
731 3580 811 3644 qnae
833 3561 912 3623 intra
933 3567 980 3623 est
1000 3579 1127 3636 nervos,
1151 3561 1320 3637 massulos,
1342 3561 1480 3624 tendiues
1499 3564 1655 3626 renniens.
1702 3565 1806 3648 anue
1828 3565 1994 3628 differentia
2018 3568 2163 3650 imprimis
2185 3573 2215 3632 ia

615 3687 735 3752 ossibus
758 3685 958 3766 conspicitur:
988 3687 1067 3746 iscta
1089 3685 1167 3746 enim
1191 3685 1384 3748 extollatione
1406 3687 1438 3747 in
1461 3688 1651 3764 necrosibns,
1672 3707 1751 3771 quae
1774 3691 1888 3754 ossium
1911 3693 2101 3772 superficiem
2124 3713 2214 3758 noctr-

618 3821 700 3892 pant,
722 3817 1016 3873 stratumenternnm
1038 3809 1289 3888 granulationnm,
1311 3810 1383 3872 licet
1404 3831 1442 3872 ex
1464 3831 1535 3874 osse
1557 3813 1714 3875 manileste
1735 3816 1910 3894 protectum,
1933 3832 1995 3878 non
2019 3817 2108 3879 aliter
2128 3839 2215 3901 quem

615 3933 647 3994 in
668 3932 803 4011 partibus
825 3930 975 4005 mollibus,
997 3932 1030 3991 in
1051 3933 1256 4007 substantiam,
1276 3935 1376 4014 qualis
1399 3954 1466 3996 esse
1488 3937 1568 3996 solet
1590 3937 1761 3998 ciconinum
1784 3939 1868 4013 cutis,
1891 3946 2111 4016 transmutatur,
2133 3944 2216 4025 quod

616 4075 691 4117 vero
714 4054 791 4116 inira
813 4059 867 4127 est,
891 4073 953 4114 non
976 4053 1074 4114 minus
1098 4055 1252 4116 manifeste
1275 4055 1306 4114 in
1328 4075 1448 4118 osseam
1472 4057 1541 4118 abit.
1585 4059 1679 4139 Quod
1700 4061 1766 4122 sive
1781 4060 1867 4136 telae,
1891 4081 1968 4144 qnae
1984 4066 2110 4144 adjacet,
2133 4075 2216 4130 cuta-

617 4197 692 4240 neee
715 4177 844 4258 quodam
868 4176 1014 4257 impulsu,
1037 4175 1101 4238 sive
1123 4177 1203 4238 adsis
1224 4184 1367 4241 contactu
1390 4179 1532 4255 ancien,
1562 4189 1644 4244 certe
1672 4201 1735 4244 non
1758 4191 1803 4246 est
1825 4185 2011 4265 mcanicunt,
2039 4209 2118 4271 qnae
2146 4210 2217 4272 sup-

617 4299 1123 4382 pnrationeoriunturproprinm,
1146 4300 1255 4362 sedin
1279 4299 1346 4362 illas
1369 4321 1447 4383 quae
1470 4323 1526 4383 per
1546 4304 1758 4368 adhaesionem
1780 4309 1864 4385 linat,
1887 4311 1967 4374 cadit
1982 4312 2084 4374 nililo
2108 4315 2216 4378 minus.

777 4421 826 4482 Ad
855 4423 1143 4501 characterem,
1171 4445 1259 4508 quern
1287 4424 1408 4502 dicunt,
1435 4427 1661 4507 strppsrttionis
1688 4430 1772 4510 quod
1803 4433 1907 4494 attinet
1929 4435 1991 4497 dno
2016 4439 2144 4500 numme
2165 4459 2218 4520 ge·

616 4568 690 4612 nera
712 4545 920 4624 distinguenda
942 4553 1019 4626 ment,
1040 4549 1275 4627 suppuratio
1298 4549 1466 4630 simplex
1488 4557 1578 4632 atque
1600 4551 1805 4617 ulceratio.

778 4759 817 4826 (l)
837 4760 939 4808 Parrli
966 4759 1164 4822 disquisitioaes
1182 4762 1232 4810 liar.
1250 4763 1283 4810 de
1300 4779 1329 4811 re
1347 4765 1427 4812 iactas
1446 4765 1585 4812 maximam
1604 4775 1704 4830 partem
1722 4770 1839 4834 collegit,
1856 4772 1876 4828 1,
1895 4788 1918 4826 e.
1938 4791 1963 4838 p.
1983 4774 2129 4828 tto-11⁰.

777 4847 816 4912 (Ἰ)
836 4847 1028 4910 Selaastian,
1049 4849 1115 4894 nter
1134 4849 1329 4911 Reproduction
1348 4853 1395 4899 der
1413 4851 1621 4918 Srlrleimbtute,
1641 4857 1684 4906 in:
1703 4858 1876 4908 Muellera
1894 4863 1989 4910 drclrir
2013 4863 2090 4920 tens.
2110 4882 2135 4930 p.
2154 4867 2216 4916 616.

777 4931 821 5002 (3)
839 4937 1078 4997 cruretttater,
1096 4945 1167 4989 anat.
1186 4939 1256 5001 path.
1278 4948 1340 4994 toan.
1360 4941 1382 4989 1.
1403 4955 1428 5002 p.
1447 4938 1491 4990 dl.
