4856 5896
1013 540 1039 614 d

220 740 373 805 interni
394 758 507 808 nemen
528 761 548 806 a
569 743 747 830 quamdam
768 744 828 828 ipsi
848 742 975 810 indum
996 753 1052 810 est.
1095 743 1214 811 Melies
1242 745 1275 812 iu
1296 745 1393 830 lpsem
1414 746 1578 814 medullam
1599 767 1761 833 processus
1780 753 1825 818 ita

221 863 352 929 inmittit
373 866 547 938 membrana
567 867 752 946 medullam,
772 873 808 932 ut
828 866 890 934 tela
910 870 1117 936 mammone
1137 869 1305 934 redeulrrm
1325 869 1377 935 rel
1399 870 1567 949 enumeris,
1595 871 1738 954 globulos
1761 875 1823 938 adi·

221 1006 316 1068 pesos
338 974 513 1061 continens:
541 997 633 1075 etque
653 991 686 1054 in
708 991 814 1059 duram
836 1011 957 1077 qusque
978 992 1178 1060 missorem
1197 993 1325 1058 librillae
1346 1013 1386 1058 ex
1409 1015 1446 1059 ea
1467 995 1693 1079 proficiscentes
1723 1015 1823 1062 remn-

222 1110 270 1172 loe
293 1130 435 1174 vesorum
458 1113 584 1193 exiguos
607 1115 856 1178 concomitautur.

274 1327 276 1332 Ι
380 1235 464 1298 lleec
486 1237 650 1316 generatim
671 1237 710 1301 de
732 1239 884 1302 anatomia
904 1239 1019 1304 ossium
1047 1238 1129 1305 dicta
1155 1238 1229 1312 sinn
1263 1255 1342 1324 quse
1368 1239 1587 1323 praemittenda
1613 1259 1680 1306 esse
1711 1243 1824 1323 putavi

222 1365 283 1444 mm
306 1364 340 1420 ut
360 1357 407 1435 iis,
428 1377 506 1441 quae
528 1359 607 1422 mira
627 1359 823 1444 inquirentem,
844 1367 986 1444 tanquam
1007 1360 1109 1426 rutero
1130 1361 1302 1438 inserviant,
1324 1379 1418 1448 quum
1438 1363 1569 1430 martine
1590 1371 1625 1430 nt
1646 1363 1751 1430 eadem
1773 1383 1822 1428 ra·

221 1486 322 1560 petere
344 1499 383 1546 ne
406 1487 530 1546 masters
554 1501 660 1562 essem,
682 1503 760 1568 quae
783 1483 917 1568 alioquin
938 1483 1054 1566 pluries
1075 1483 1228 1550 efferenda
1249 1485 1384 1550 iissent.

953 2105 1093 2170 cera

705 2243 978 2322 OSSIUM
1020 2241 1344 2322 (tilititsls.

384 2450 478 2517 Nulla
500 2460 546 2516 est
567 2471 638 2535 pers
661 2455 838 2532 matcmiae,
860 2473 937 2539 quae
959 2463 1020 2518 tam
1041 2463 1158 2518 mentre
1181 2453 1301 2518 exculte
1317 2454 1363 2532 sit,
1386 2471 1476 2540 quem
1494 2451 1681 2521 commate
1697 2455 1824 2532 ossium,

224 2585 321 2650 neque
343 2573 444 2638 solum
466 2576 496 2637 iu
518 2577 653 2660 scriptis,
682 2597 760 2662 quae
782 2579 881 2641 adhuc
901 2585 1031 2655 exstent,
1061 2578 1334 2660 Hippocratis,
1362 2575 1481 2656 Celsi,
1510 2577 1668 2655 Geleni,
1693 2577 1824 2659 speciem

225 2699 378 2758 extenuem
408 2698 521 2762 ossium
551 2699 627 2762 bene
657 2708 688 2762 et
716 2707 855 2767 eccurete
877 2701 1057 2781 descriptam
1079 2700 1259 2776 invenimus,
1295 2699 1352 2764 sed
1378 2701 1468 2764 etiam
1496 2719 1623 2783 operatu
1646 2699 1737 2764 iidem
1765 2699 1825 2762 riri

224 2813 430 2893 collocarunt,
458 2827 492 2880 ut
518 2839 623 2882 eornm
651 2822 776 2900 genesin
804 2831 835 2884 et
862 2821 1131 2887 conformationem
1158 2820 1352 2902 explicarent.
1397 2820 1504 2903 Neque
1531 2841 1606 2886 vero
1628 2823 1751 2898 mirrrm,
1780 2821 1824 2882 nti
1885 2792 1891 2801 ¹

225 2937 349 2999 curnirro
372 2939 536 3006 subtilioris
559 2943 728 3006 anetomiee
748 2943 919 3010 nevissmris
941 2941 1064 3008 deorum
1084 2941 1269 3026 temporibus
1291 2941 1484 3006 laudemensi
1504 2943 1603 3024 posita
1624 2952 1710 3018 suut,
1735 2951 1824 3034 atque

225 3059 415 3142 physiologia
438 3083 475 3126 ex
498 3065 682 3146 experientis
703 3065 840 3130 desumta
861 3065 951 3148 plenae
973 3066 1202 3148 muternpsrte
1224 3063 1332 3142 delinit,
1360 3065 1406 3128 sic
1433 3065 1466 3128 in
1494 3065 1550 3128 irae
1572 3083 1693 3147 quoque
1715 3082 1750 3126 re
1771 3081 1823 3127 re·

227 3191 322 3245 tenum
345 3188 506 3250 sententies
529 3189 709 3270 cogitatione
731 3197 846 3254 taum
868 3189 954 3254 lices
975 3208 1058 3264 essm
1080 3193 1293 3265 verumtamen
1315 3204 1496 3272 qumquam
1506 3187 1742 3270 praetermisere
1752 3204 1824 3270 pos·

227 3306 291 3384 aim,
314 3315 419 3390 utpote
441 3311 595 3374 instoriam
616 3313 706 3393 hujus
730 3313 885 3376 emmae
907 3311 1092 3376 illustrantes
1112 3312 1172 3376 ltoc
1193 3309 1266 3376 loco
1287 3311 1392 3392 pensis
1415 3329 1466 3374 eas
1489 3309 1744 3374 commemorabo.

387 3435 649 3517 Hippocrates
677 3435 778 3520 mund
799 3455 838 3500 ex
859 3444 959 3500 terrae
979 3433 1137 3517 putredine
1156 3431 1371 3517 pinguedinem
1392 3433 1530 3498 sortitum
1559 3435 1600 3498 sit
1620 3442 1653 3496 et
1671 3431 1825 3496 minimum

234 3552 368 3618 »hmuidi
391 3555 506 3634 hebeat,
529 3557 560 3620 id
581 3558 721 3624 citissime
744 3565 883 3624 mosum
904 3578 976 3624 osse
996 3556 1200 3641 produxisse·
1227 3555 1389 3620 ulmeus
1410 3555 1481 3641 (l).

390 3680 628 3744 Aristoteles
648 3680 706 3766 (2)
735 3700 830 3746 nossa
851 3683 884 3745 in
905 3682 1002 3763 prima
1022 3680 1151 3765 partium
1181 3680 1394 3744 constitutione
1422 3697 1440 3742 e
1468 3679 1605 3743 seminati
1633 3687 1825 3742 excremento

236 3797 356 3879 »gigni«
385 3803 479 3866 cedit
506 3812 559 3879 »et
582 3804 654 3868 dum
676 3813 820 3885 augentur
842 3804 953 3879 auium
970 3803 1272 3866 haecincrementum
1281 3819 1390 3882 cepere
1401 3819 1440 3861 ex
1451 3799 1593 3862 alimento
1604 3798 1742 3875 uemreli,
1764 3817 1826 3882 quo

235 3937 356 4013 »partes
379 3926 558 4009 principeles
581 3933 754 4007 augeantur,
776 3927 843 4006 ejus
864 3931 963 3988 tamen
986 3924 1081 4006 ipsius
1102 3921 1235 3986 al'nnentl
1256 3939 1328 3985 esse
1347 3927 1376 3983 et
1397 3919 1582 4002 reliquisset
1604 3929 1820 3984 excrementa.-

388 4050 531 4112 Similiter
554 4049 725 4114 Gnleuus
747 4047 814 4132 (3).;
842 4055 980 4130 ·parrem
1001 4045 1124 4110 semote
1146 4045 1326 4111 crassiorem
1348 4063 1384 4106 ec
1406 4051 1585 4122 terrestrem,
1607 4043 1765 4128 mirusque
1788 4041 1827 4106 ed
1907 4089 1911 4096 .

236 4173 481 4242 „deuehendum
503 4173 651 4250 idoneam
673 4192 692 4234 e
713 4179 821 4237 natiue
841 4171 877 4235 in
895 4171 1010 4234 ωείυω
1030 4169 1134 4235 sedem
1156 4165 1324 4252 depositam
1344 4187 1421 4244 esse,
1443 4166 1629 4249 easdemque
1651 4165 1691 4229 ad
1712 4167 1828 4230 ossium

238 4300 498 4386 ‚procreationem
519 4295 648 4358 maxime
666 4315 753 4360 usam
771 4313 838 4358 esse
855 4291 966 4358 caloris
984 4291 1133 4370 lwultnte,
1148 4309 1209 4378 qua
1227 4297 1355 4355 torreret
1373 4309 1410 4353 ea
1429 4309 1465 4352 ac
1481 4307 1607 4374 prorsus
1630 4290 1820 4354 meiaceret·

390 4419 436 4504 Pl
444 4428 509 4483 ato
520 4418 572 4502 (l)
595 4420 627 4483 in
649 4418 736 4496 libro,
758 4419 810 4502 qui
833 4417 974 4482 Timaeus
985 4416 1146 4498 irascrlptst
1158 4420 1215 4492 est,
1236 4431 1275 4478 ec
1285 4410 1367 4492 Ιοοο,
1389 4412 1607 4495 pretationem
1620 4414 1757 4494 corporis
1770 4412 1825 4476 hu·

393 4665 434 4734 (i)
454 4665 617 4730 ilippoer.
635 4669 668 4717 de
685 4667 807 4717 carnibus
825 4682 850 4730 p.
869 4665 932 4720 rte.

393 4753 434 4819 (²)
453 4755 663 4804 Aristotelia
682 4755 714 4806 ale
733 4764 847 4818 geneum.
867 4757 948 4805 uniru.
967 4753 1015 4804 ills.
1036 4747 1085 4805 ill.
1105 4768 1129 4804 c.
1148 4751 1174 4804 6.

395 4837 437 4911 (³)
458 4843 586 4892 Galeri
602 4842 634 4891 de
653 4843 746 4896 sentin.
763 4843 784 4900 l,
803 4843 825 4896 t.
845 4860 868 4895 c.
889 4839 935 4895 10,

395 4925 437 5000 (4)
459 4931 618 4981 Platonis
637 4947 714 4994 opera
732 4933 830 4994 omnia,
849 4933 914 4994 iutp.
934 4929 1048 4980 diascilii
1068 4927 1165 4993 lirini,
1183 4927 1291 4994 Blperttl
1311 4925 1389 4981 tito,
1415 4924 1471 4980 rot.
1491 4924 1542 4979 ῙΧ.
1561 4943 1585 4991 p.
1607 4921 1668 4976 ³95.
