4784 5894
1399 545 1475 618 tna

630 757 837 832 cohaerentia,
865 773 902 818 ac
923 755 1053 818 maxime
1082 747 1121 816 ad
1150 754 1220 816 axin
1241 753 1491 836 longitudinalem
1512 753 1592 818 ossis
1615 751 1818 828 decurrentia:
1847 749 1947 836 itaqua
1974 753 2048 816 haec
2077 765 2150 814 vasa
2172 769 2237 814 non

629 899 737 942 recens
761 882 897 956 formata,
920 874 974 942 sed
998 879 1104 941 eadem
1131 897 1198 940 esse
1220 878 1354 960 putanda
1376 885 1460 956 stant,
1487 897 1565 961 qnae
1595 877 1740 940 insanis
1768 877 1890 941 ossibus
1916 897 1933 940 e
1962 873 2117 957 pariosteo
2147 875 2178 936 in
2201 893 2235 938 cs

631 1004 881 1066 transmittantur.
927 1002 1059 1064 Materia
1081 1001 1134 1063 illa
1156 1002 1324 1082 gelatinosa
1346 1003 1402 1066 snb
1426 1001 1630 1084 microscopio
1652 1009 1765 1064 certam
1788 1007 1967 1064 structuram
1988 1018 2053 1062 uon
2076 998 2238 1074 exhibebat

634 1128 766 1209 speciem
788 1132 904 1190 tantum
924 1127 1077 1209 quandam
1100 1125 1296 1206 graculorum
1320 1127 1527 1189 conlertornm
1551 1133 1640 1208 atqua
1664 1143 1771 1206 parum
1794 1125 1871 1186 inter
1894 1143 1927 1187 se
1949 1123 2159 1186 distinctorum
2169 1141 2238 1202 prae

634 1271 668 1314 se
689 1252 806 1326 lerens3
829 1250 1005 1331 superficies
1027 1249 1116 1326 ossis,
1139 1269 1216 1331 quae
1238 1249 1369 1327 suberat,
1392 1249 1506 1335 glabra,
1529 1269 1586 1310 nco
1609 1248 1673 1311 ullo
1697 1249 1790 1310 modo
1814 1254 1926 1310 mutata
1949 1245 2123 1328 apparebat,

791 1376 827 1436 ln
858 1376 990 1436 fractura
1017 1381 1131 1454 septem
1162 1372 1277 1435 dierum
1305 1392 1354 1435 res
1376 1373 1449 1436 satis
1468 1375 1533 1452 jam
1556 1391 1736 1453 progressae
1758 1371 1997 1452 reperiebantur;
2032 1389 2068 1432 os
2091 1374 2122 1430 et
2143 1377 2239 1449 partes

633 1498 741 1562 molles
765 1494 1021 1578 longitudinaliter
1043 1503 1144 1559 sectae
1166 1497 1276 1558 haecce
1307 1495 1493 1560 exhibebant.
1540 1497 1585 1557 Os
1607 1515 1658 1574 ea,
1686 1513 1746 1578 qua
1775 1495 1960 1576 periosteum
1991 1493 2143 1556 obtectum
2172 1501 2239 1566 arat,

634 1631 717 1684 certa
739 1623 869 1705 quadam
892 1621 1024 1698 materie,
1050 1619 1155 1682 1-2‘11
1178 1637 1288 1694 crassa,
1311 1625 1489 1701 coopertum
1513 1619 1700 1696 cernebatur,
1721 1637 1801 1701 quae
1821 1637 1928 1682 versus
1952 1619 2112 1679 fraenatam
2129 1618 2240 1696 majore

634 1753 698 1808 erat
721 1746 848 1820 ambitu,
870 1763 976 1808 versus
999 1743 1143 1806 articulos
1167 1743 1256 1822 copia
1278 1742 1485 1819 decrescebat,
1509 1749 1614 1824 atque,
1636 1744 1782 1823 sejunctis
1804 1741 1949 1805 miraculis
1971 1745 2001 1804 et
2024 1740 2148 1823 reliquis
2176 1759 2241 1822 par-

635 1870 715 1931 tibus
738 1867 888 1944 mollibus,
911 1867 984 1929 satis
1007 1873 1089 1928 arcta
1117 1885 1186 1928 cum
1215 1885 1252 1928 ea
1274 1866 1519 1941 cohaerentibus,
1548 1867 1649 1929 stratis
1678 1865 1812 1942 duobus,
1842 1873 1968 1928 externo
2001 1871 2090 1947 atque
2120 1865 2241 1938 interno,

636 1992 742 2054 colore
765 2000 795 2054 et
817 1991 1010 2072 spissitudine
1033 1989 1168 2066 diversis,
1191 1989 1359 2072 composita
1381 1989 1546 2052 videbatur.
1582 1991 1715 2052 Stratum
1734 1990 1887 2052 internum
1911 2011 1927 2051 a
1947 1986 2242 2062 caeruleo-albidum,

636 2115 903 2196 semipellncidum,
926 2121 1009 2176 actu
1032 2113 1188 2176 clasticum
1211 2119 1283 2190 erat,
1305 2121 1340 2174 ut
1361 2113 1474 2193 paucis,
1497 2113 1703 2194 cartilaginem
1724 2113 1887 2188 referebam
1910 2120 2065 2175 externum
2084 2113 2180 2194 magis
2192 2113 2241 2174 tta-

635 2239 785 2315 vascebat,
809 2245 898 2320 atque
920 2237 1019 2299 minus
1042 2237 1168 2299 densum
1191 2243 1264 2298 erat.
1308 2236 1504 2312 Periosteum,
1528 2243 1615 2298 cauta
1637 2237 1708 2298 inde
1731 2237 1769 2298 ab
1793 2236 1937 2312 articulo,
1966 2236 2018 2296 ubi
2048 2255 2176 2315 prorsus
2197 2254 2242 2298 sa

639 2381 712 2424 uum
736 2369 825 2444 alque
848 2360 928 2454 haud
951 2365 1098 2422 mutatum
1120 2365 1193 2435 erat,
1216 2365 1387 2440 separatum
1410 2359 1523 2421 sensim
1545 2360 1716 2441 sensimque
1738 2361 1907 2424 instratum
1920 2367 2075 2422 externum
2086 2359 2241 2424 mausibat:

638 2487 703 2566 ipsa
737 2492 836 2546 antem
865 2490 959 2546 strata
987 2491 1070 2546 arcte
1090 2483 1168 2544 inter
1190 2501 1223 2544 se
1246 2482 1462 2558 cohaerebant,
1491 2501 1548 2544 nec
1577 2483 1636 2544 nisi
1659 2482 1820 2545 difficulter
1841 2483 1959 2564 sejungi
1980 2489 2135 2564 poterant;
2170 2484 2243 2545 iuter

641 2607 843 2690 separandum
866 2625 940 2670 vasa
962 2606 1117 2688 utriusque
1146 2606 1225 2668 inter
1246 2625 1280 2668 se
1302 2605 1493 2668 cohaerentia
1522 2605 1716 2687 adparebant.
1769 2607 1903 2670 Stramm
1933 2607 2081 2669 internum
2111 2607 2242 2670 relictum

559 2701 567 2714 “
639 2733 732 2796 dense
755 2732 818 2795 ossi
841 2729 1029 2806 adhaerebat,
1053 2729 1144 2791 avelli
1167 2735 1265 2791 tamen
1288 2736 1415 2810 poterat,
1438 2737 1527 2812 atque
1550 2729 1606 2792 snb
1630 2749 1667 2792 eo
1691 2750 1728 2792 os
1752 2733 1813 2794 scre
1836 2731 1879 2793 nil
1902 2736 2060 2806 mutamm,
2085 2738 2174 2812 atque
2195 2731 2242 2792 vix

636 2857 776 2920 scabrum
800 2853 1061 2934 ootrspieiebatur3
1084 2852 1175 2915 scoies
1198 2853 1288 2932 liujus
1310 2853 1394 2924 strati
1419 2853 1481 2916 ossi
1505 2853 1634 2916 obversa
1656 2854 1799 2917 librosam
1821 2854 1961 2935 speciem,
1984 2853 2120 2916 colorem
2136 2855 2240 2928 album,

638 2999 786 3061 opacum,
815 2977 871 3040 sub
893 2977 974 3040 lente
997 2976 1130 3040 maculas
1154 2975 1333 3051 reticulatos,
1355 2995 1461 3039 versus
1478 2977 1697 3056 longitudinem
1717 2979 1855 3054 directus,
1877 2977 2048 3054 exhibebat,
2071 2986 2154 3040 tactu
2171 2979 2241 3040 dura

639 3109 710 3178 erat,
733 3099 859 3163 cultello
882 3119 951 3162 oum
971 3100 1099 3180 strepitu
1120 3099 1278 3175 resistens,
1301 3105 1335 3160 ut
1356 3117 1419 3162 unc
1443 3099 1553 3176 verbo,
1583 3121 1690 3204 osseae
1712 3112 1847 3163 naturae.
1891 3100 2115 3182 Microscopio·
2133 3122 2230 3183 suppo

639 3226 697 3289 sita
719 3231 813 3287 strata
835 3213 1000 3305 illaquam
1022 3222 1151 3284 maxime
1170 3222 1367 3296 differebant3
1396 3229 1551 3284 externum
1574 3225 1768 3304 granulosatn
1791 3224 1941 3307 quandam
1965 3231 2103 3286 ualtrram
2126 3227 2242 3288 exbibe-

641 3350 705 3425 bst,
740 3345 890 3428 librosque
920 3345 1155 3426 longitudinales
1177 3343 1250 3407 satis
1273 3345 1466 3427 conspicuam
1501 3347 1649 3410 internum
1673 3355 1811 3410 naturam
1832 3347 1923 3428 plane
1946 3347 2186 3428 cartilagineam,
2217 3359 2243 3410 ot

640 3470 823 3553 corpuscula
846 3468 1054 3549 cartilaginum
1077 3469 1203 3550 propria
1227 3468 1390 3530 admodum
1412 3471 1584 3544 manifesta3
1608 3471 1700 3534 iacies
1724 3472 1787 3534 ossi
1809 3470 1898 3533 tibiae
1921 3471 2061 3552 apposita
2084 3473 2174 3534 telam
2196 3493 2243 3536 os·

641 3615 723 3659 seam
746 3594 894 3656 referebat
924 3611 1013 3676 quarn
1041 3591 1169 3654 maxime
1198 3591 1377 3654 distinctam.
1423 3593 1522 3673 Hujus
1552 3593 1638 3657 strati
1660 3595 1768 3656 interni
1790 3593 1944 3676 ipsiusque
1967 3595 2046 3658 ossis
2076 3615 2151 3660 vasa
2173 3597 2244 3660 inter

639 3739 674 3783 se
698 3720 861 3784 cohaerere
884 3717 956 3780 satis
980 3716 1159 3797 apparebam
1182 3717 1444 3797 conspiciebantur
1466 3718 1545 3780 enim
1568 3718 1599 3780 in
1622 3718 1698 3780 lucie
1728 3716 1884 3780 reticulata
1913 3717 1994 3782 illius
2023 3720 2108 3782 strati
2138 3729 2244 3802 puncta

641 3845 741 3919 rubra,
765 3844 833 3906 aliis
856 3843 889 3904 in
901 3840 1062 3922 superficie
1073 3840 1150 3904 ossis
1167 3840 1389 3922 conspiciendis
1413 3841 1637 3922 respondentia,
1662 3861 1738 3924 quae
1760 3859 1904 3905 vasonrm
1928 3861 2027 3905 massa
2050 3843 2143 3906 tincta
2162 3851 2244 3906 antea

642 3968 822 4044 injectorum
845 3964 1022 4024 discissione
1045 3971 1151 4025 exorta
1174 3965 1302 4029 inerant.
1335 3999 1369 4012 -
1415 3964 1483 4025 Tali
1512 3965 1602 4044 igitur
1624 3966 1789 4030 substantia
1811 3985 1847 4028 os
1869 3964 1939 4028 iude
1962 3965 2000 4027 ab
2021 3985 2057 4028 ea
2072 3975 2168 4048 parte,
2189 3987 2244 4052 qna

643 4087 827 4169 pou‘ostcum
849 4084 907 4165 ipsi
930 4084 1027 4146 adhuc
1049 4084 1238 4162 adhaerebat,
1261 4105 1367 4150 versus
1390 4085 1535 4148 articulos
1557 4087 1645 4150 3-5
1668 4089 1816 4152 linearum
1839 4090 1946 4170 spatio,
1969 4097 2147 4171 coopermm
2171 4099 2245 4157 erat:

644 4211 719 4272 lines
743 4215 841 4271 autam
865 4209 1100 4288 fragmentorum
1120 4207 1264 4269 denudati
1286 4209 1429 4290 ipsaeque
1458 4208 1550 4272 iacies
1581 4211 1692 4274 tractae
1720 4212 1807 4274 nullo
1835 4214 1929 4276 modo
1957 4219 2087 4276 mutatae
2117 4215 2246 4280 invenie-

644 4335 762 4394 bantur.
807 4331 923 4394 l’assim
942 4331 1112 4394 substantia
1134 4329 1328 4410 cartilaginea
1351 4331 1430 4394 ultra
1452 4334 1563 4412 locum,
1585 4354 1605 4398 a
1625 4353 1687 4417 quo
1711 4353 1748 4396 os
1770 4334 1953 4400 denudatum
1976 4345 2048 4415 erat,
2070 4340 2244 4422 porrigeba-

645 4465 702 4530 tur,
724 4457 814 4536 atque
836 4461 909 4516 tum,
923 4473 991 4516 cum
1015 4455 1184 4535 paricsteo,
1207 4473 1305 4537 noque
1327 4475 1402 4518 vero
1425 4477 1494 4520 cum
1518 4477 1588 4522 osse
1611 4458 1799 4521 cohaerebat.

804 4577 888 4640 llaec
909 4575 1001 4654 igitur
1022 4577 1092 4638 calli
1114 4586 1185 4640 sum
1208 4579 1304 4656 initia,
1326 4581 1462 4660 prolecta
1485 4601 1502 4643 e
1525 4583 1690 4646 substantia
1712 4581 1895 4664 gelatinma,
1917 4581 2023 4647 iisdem
2044 4585 2122 4650 locis
2145 4587 2247 4652 diebus

646 4701 830 4783 praegressis
852 4700 989 4774 inventa,
1011 4705 1042 4760 et
1063 4700 1218 4780 propriam
1240 4704 1351 4765 senam
1372 4711 1554 4768 structuram
1577 4706 1750 4787 organicam
1774 4705 1892 4788 adepta.
1937 4707 2016 4770 Galli
2038 4709 2179 4776 formatio
2201 4731 2248 4775 co-

645 4826 702 4889 leri
721 4825 820 4906 gradu
839 4843 921 4886 nuuc
942 4821 1094 4903 procedit3
1114 4823 1285 4886 substantia
1305 4843 1388 4888 noua
1403 4827 1597 4908 cartilaginea
1618 4829 1650 4892 in
1674 4837 1738 4894 toto
1762 4830 1840 4894 ossis
1861 4829 1974 4893 ambitu
1996 4831 2084 4896 abiis
2106 4835 2247 4915 partibus,

646 4969 721 5034 quas
733 4947 805 5026 dixi,
828 4946 1049 5010 versuslooum
1072 4946 1230 5009 infractam
1251 4949 1424 5030 porrigitur,
1446 4949 1518 5012 dum
1540 4951 1635 5033 tnagis
1658 4953 1812 5037 magisque
1823 4953 1988 5018 ossilieatio
1999 4955 2031 5018 in
2043 4976 2081 5019 ea
2097 4960 2246 5040 procedit;
