4784 5894
969 567 1046 651 122

203 778 329 857 laniarat.¹
348 778 530 859 perioataum
553 778 597 842 nil
619 779 719 855 iacere
742 775 897 852 corateadit
918 774 957 838 ad
980 777 1171 842 formandum
1185 775 1309 854 callum
1332 779 1437 862 primis
1450 779 1556 844 diebus
1570 778 1805 843 inflammatione

203 903 364 972 adlraesixa
386 923 523 983 numnam
545 903 607 966 vim
630 903 770 965 materiae
794 901 940 983 plasticae
961 921 979 964 e
1002 901 1145 982 disruptis
1168 903 1494 972 osseisstamin'busin
1506 911 1608 984 partes
1628 904 1705 966 ossis
1722 903 1806 966 tracti

204 1025 339 1102 anann,
354 1047 446 1109 quam
466 1047 541 1090 mcx
562 1027 592 1088 in
616 1025 738 1104 muns,
760 1025 938 1091 saeculares
957 1033 987 1089 et
1008 1026 1137 1092 sensiles
1164 1027 1232 1108 cogi
1261 1027 1454 1102 camnculas,
1477 1034 1566 1110 atqua
1595 1026 1641 1090 sic
1669 1028 1805 1090 ellectum

203 1149 273 1214 calli
303 1151 482 1232 principiam
511 1150 623 1215 senaim
652 1151 683 1214 iu
713 1149 917 1232 cartilaginem
946 1169 1125 1234 cassamque
1158 1151 1353 1214 substantiam
1387 1151 1580 1224 commutari;
1608 1171 1626 1213 e
1653 1152 1805 1232 periosteo

202 1294 325 1356 qnoque
348 1283 378 1336 ot
399 1275 532 1338 ruednlla
553 1275 707 1356 lympham
718 1275 838 1358 qnidam
849 1273 1006 1354 plasticam
1019 1273 1170 1352 exsudmi,
1183 1261 1271 1338 'banc
1281 1294 1355 1337 vero
1367 1281 1432 1338 toto
1443 1275 1532 1337 coelo
1544 1295 1562 1336 a
1573 1275 1806 1356 proprietatibus

202 1398 325 1478 glutinis
346 1399 465 1480 platin
487 1399 600 1464 ossilici
621 1397 749 1476 dilier‘ee,
773 1404 861 1480 atque
882 1398 1099 1478 ligamentosae
1116 1397 1237 1480 quidem
1259 1398 1345 1474 telae,
1366 1417 1429 1463 non
1448 1417 1522 1462 vero
1541 1418 1647 1462 osseae
1665 1400 1806 1464 materiae

203 1521 371 1601 gignendae
392 1523 532 1586 idoneam
556 1541 637 1596 essm
660 1542 696 1584 os
718 1522 809 1602 igitur
831 1522 931 1602 ipsum
953 1521 1073 1584 unicum
1097 1541 1164 1584 csse
1187 1541 1324 1604 organon
1347 1521 1560 1584 elaborationis
1583 1529 1614 1584 et
1629 1524 1805 1590 secretionis

141 1613 148 1620 ¹
203 1646 286 1708 aurci
309 1647 435 1714 ossiliei:
458 1647 608 1730 liquorem
629 1647 709 1712 bunc
731 1645 915 1726 glutinosum
939 1652 970 1708 et
990 1645 1147 1727 plasticuur
1176 1645 1343 1710 ira-centro
1373 1647 1538 1721 iracbrrae,
1561 1647 1590 1708 in
1614 1649 1805 1728 marginibus,

201 1771 234 1830 iu
259 1770 369 1832 extima
391 1771 469 1834 ossis
491 1771 577 1834 tracti
599 1770 761 1852 superficie
784 1769 911 1848 onaan,
934 1775 1024 1852 atque
1046 1769 1077 1830 iu
1098 1769 1223 1850 exiguas
1247 1769 1354 1832 rubras
1383 1739 1575 1846 carunculas,
1598 1770 1667 1832 dein
1689 1773 1719 1834 in
1742 1793 1806 1834 ma·

131 1887 137 1896 ’
198 1897 272 1972 jora
302 1893 470 1970 tubercula,
492 1895 576 1956 carui
604 1893 729 1970 similia,
751 1901 815 1956 turn
845 1893 875 1958 in
903 1893 1106 1974 cartilaginem
1136 1899 1341 1977 etpostremo
1369 1893 1399 1954 in
1423 1913 1458 1956 os
1487 1893 1606 1960 mutari.
1650 1893 1806 1961 Adversus

204 2017 361 2100 Mediug
383 2025 412 2085 et
434 2021 554 2097 Troja
576 2019 719 2081 corticem
743 2017 821 2082 ossis
843 2017 874 2080 iu
895 2016 975 2080 callo
999 2017 1157 2080 formando
1170 2037 1231 2080 uon
1246 2018 1431 2082 immutatum
1445 2037 1566 2082 manere
1581 2019 1748 2082 contendit:
1772 2041 1807 2084 ac

205 2143 334 2207 anaxirne
362 2163 400 2209 eo
424 2143 517 2218 loco,
557 2162 618 2224 quo
639 2143 726 2204 diues
757 2141 835 2204 ossis
863 2141 982 2204 irrlraeti
1011 2141 1088 2204 alter
1114 2128 1201 2202 alieri
1235 2141 1392 2222 impositus
1422 2141 1475 2216 ait,
1517 2143 1617 2204 attrito
1646 2145 1807 2224 periosteo,

205 2267 348 2330 corticem
371 2266 511 2342 amolliri,
532 2266 636 2342 laxari,
657 2266 790 2346 expandi
813 2266 843 2328 ia
866 2265 1033 2346 spongiam,
1056 2272 1145 2348 atque
1167 2265 1211 2326 sic
1234 2265 1345 2326 callum
1368 2265 1479 2326 exoriri
1503 2265 1659 2342 iraternum,
1682 2267 1752 2330 dum
1775 2269 1806 2330 in

204 2397 271 2456 toto
293 2391 406 2454 ambitu
426 2389 577 2454 trmmrae
599 2389 721 2472 lyrnplra
744 2410 782 2452 ex
804 2409 875 2454 osse
898 2390 1043 2454 exsudata
1066 2389 1162 2453 callus
1186 2395 1326 2450 externus
1350 2388 1464 2451 existat.

366 2515 553 2578 &aruritae
574 2514 630 2576 bac
650 2514 849 2590 ,insectatione
871 2520 1057 2590 commotus,
1081 2513 1238 2593 Meding
1261 2513 1311 2588 (l)
1336 2531 1457 2594 qnoque
1480 2513 1510 2574 in
1537 2531 1617 2576 nova
1646 2515 1806 2599 scriptura,

205 2637 315 2720 partim
337 2639 465 2722 repetita
484 2637 758 2720 experimentorum
781 2637 987 2718 expositione,
1009 2637 1118 2716 partiar
1146 2636 1184 2697 de
1206 2637 1267 2698 vita
1290 2636 1403 2700 ossium
1425 2637 1523 2700 rrimus
1545 2645 1651 2718 vegeta
1673 2657 1808 2702 commo-
1896 2642 1899 2650 ’

205 2763 393 2838 catanance,
415 2763 592 2824 manabant
614 2779 708 2836 auam,
729 2775 841 2824 novara
863 2759 1017 2822 materiem
1040 2777 1160 2822 osseam
1183 2779 1200 2820 e
1212 2758 1364 2840 perioateo
1376 2767 1476 2820 ortum
1499 2761 1624 2836 trabere,
1647 2762 1807 2826 defendere

205 2886 334 2953 studim:
357 2885 540 2968 perioatenru
563 2883 682 2966 quidem
699 2903 768 2948 ,nau
791 2881 1060 2964 ipsumoaaitpan
1082 2881 1206 2958 monuit,
1228 2881 1282 2944 sed
1305 2881 1456 2962 lympham
1480 2882 1637 2962 plasticam
1654 2885 1807 2948 effundere

206 3019 296 3092 atqua
319 3010 350 3072 iu
372 3009 563 3090 superficiem
577 3027 703 3073 osseam
726 3008 788 3073 vita
810 3007 975 3088 praeditam
997 3025 1154 3087 seponere,
1177 3025 1267 3088 qnam
1291 3005 1321 3068 in
1344 3011 1462 3100 statun-
1478 3005 1808 3088 cartilagiueumetos·

205 3155 290 3198 seurn
312 3134 422 3198 sensim
444 3133 537 3200 abira
584 3132 734 3197 Corticam
757 3151 887 3209 osseum,
910 3130 1002 3206 addit,
1024 3129 1064 3191 ab
1084 3113 1169 3192 initio
1193 3149 1255 3192 non
1278 3129 1464 3206 commutari,
1486 3149 1584 3212 neque
1602 3129 1809 3212 inbrprescere,

206 3279 303 3344 neque
326 3257 465 3332 emolliri,
486 3257 583 3323 anno
603 3263 704 3318 tamen
725 3254 839 3332 tumus,
861 3254 945 3336 quod
967 3261 1074 3334 postea
1096 3252 1263 3320 subsanna
1285 3271 1375 3318 ossea
1398 3253 1592 3318 resorbeatur
1615 3265 1704 3338 atque
1727 3276 1810 3319 rare·

199 3385 259 3450 ,irat
286 3401 418 3465 vasaque
447 3381 479 3447 iu
508 3401 545 3444 ea
572 3380 715 3447 uberiora
741 3379 883 3452 enisum,
905 3378 1098 3458 comprobari
1128 3377 1301 3458 organicam
1331 3380 1397 3458 eiua
1427 3399 1495 3440 cnm
1522 3398 1605 3444 rrova
1631 3379 1692 3442 tela
1721 3401 1810 3446 ossea

207 3507 460 3588 conjunctionem.

366 3629 539 3692 &cumdum
563 3627 735 3692 Gendrin
759 3624 811 3708 (2)
833 3627 865 3688 in
888 3625 1021 3688 medulla
1042 3633 1132 3707 atque
1154 3625 1185 3686 in
1208 3632 1331 3688 externa
1354 3626 1520 3705 superficie,
1544 3645 1603 3707 qua
1626 3628 1808 3706 periosteurn

208 3756 271 3820 ossi
294 3753 538 3838 superinductum
560 3755 668 3826 manet
690 3748 885 3812 tuberculosa
905 3746 1053 3829 quaedam
1077 3767 1165 3810 ossea
1187 3749 1326 3810 materies
1351 3767 1389 3808 ex
1411 3749 1478 3826 ipso
1502 3767 1572 3808 osse
1595 3750 1697 3810 laxato
1720 3759 1809 3833 atque

207 3881 369 3960 bameiacto
392 3877 526 3959 prosilit,
547 3875 619 3938 dum
641 3872 731 3936 simul
753 3871 937 3953 periostenm
959 3869 1078 3954 telaque
1100 3870 1248 3932 cellulosa
1270 3871 1383 3932 circum
1405 3871 1567 3934 tractaaram
1590 3879 1619 3932 at
1642 3872 1707 3952 ipsa
1730 3874 1807 3936 iutu-

206 4011 356 4080 macana,
386 4001 528 4069 densiora
556 3999 631 4062 naar
658 4003 747 4080 atque
769 3995 801 4058 ia
824 4015 954 4063 massan
974 3993 1274 4080 libroeartilagineam
1297 3999 1533 4068 commutantum
1565 3995 1596 4056 in
1625 3995 1680 4056 hac
1709 4017 1809 4062 massa

205 4137 320 4212 ponpa
346 4145 438 4192 ossea
463 4125 595 4192 exuam
623 4122 753 4204 indeque
781 4120 972 4188 involucrum
1001 4139 1123 4185 osseum
1152 4120 1265 4182 circum
1293 4121 1456 4185 fraenatam
1483 4119 1673 4202 confingitur.
1726 4123 1809 4186 lntus

207 4254 372 4333 subeuntia
396 4251 511 4328 mcllm,
534 4269 551 4310 e
574 4247 647 4312 tabo
669 4245 1002 4330 medullariprolecta,
1025 4243 1214 4310 intervallum
1237 4243 1338 4326 explet
1359 4244 1528 4326 limibusque
1551 4244 1701 4308 tracturae
1724 4247 1809 4328 adja·

208 4385 269 4458 cet,
291 4373 561 4460 quornmlamina
582 4379 643 4436 mm
665 4379 794 4448 extmna
811 4388 901 4452 quam
923 4370 1040 4432 iuterna
1062 4368 1236 4434 resorbetur
1257 4367 1386 4450 indeque
1415 4369 1535 4450 punctis
1564 4368 1663 4431 rubris
1693 4371 1831 4468 consita·

206 4508 348 4585 appeten
371 4501 446 4565 baec
467 4496 633 4569 substantia
655 4493 831 4571 intermedia
853 4493 967 4559 aenaim
988 4493 1029 4554 ita
1051 4491 1230 4566 indurescit,
1253 4496 1286 4554 ut
1308 4491 1513 4574 cartilaginem
1533 4495 1643 4554 reserat
1665 4495 1808 4558 urbican-

209 4625 287 4700 dam,
310 4623 341 4685 in
364 4641 424 4702 qua
446 4627 558 4700 maneta
580 4637 669 4682 ossea
691 4619 830 4694 exurunt,
851 4637 931 4700 quae
954 4623 1122 4678 extrorsum
1144 4614 1368 4697 progredientia
1389 4617 1498 4679 sensim
1520 4616 1717 4680 substantiam
1742 4639 1808 4682 car·

371 4829 1011 4902 (1)b1eniag,naerwnteremupra;dn
1034 4808 1300 4905 Kmnbangewelraag
1318 4831 1348 4882 in
1366 4825 1480 4884 Rurt’a
1504 4830 1628 4896 Magantia
1654 4830 1734 4886 18³1.
1759 4835 1806 4884 lli.

207 4927 339 4985 xxxun
358 4921 468 4990 901050
486 4938 531 4984 “lv
910 4955 916 4967 ¹

369 5011 410 5076 (2)
430 5010 599 5070 (leniris,
616 5009 637 5060 l.
653 5023 679 5060 e.
698 5007 729 5058 Τ.
748 5007 784 5059 in
804 5023 830 5070 p.
847 5006 911 5060 Μ.

1328 5110 1401 5174 to·
