4768 5894
1365 533 1444 613 27⁰

661 771 664 778 ·
772 747 899 810 Ossaei
921 765 976 829 per
996 744 1104 808 multas
1125 745 1215 808 boras
1238 763 1305 808 cnm
1325 742 1451 828 mussa
1472 753 1654 830 coquuntur,
1682 744 1775 810 veluti
1796 749 1879 809 creta
1900 744 2077 826 *albmounb
2098 747 2202 830 splen·

614 871 692 936 dore
714 878 824 950 carent,
845 869 902 934 sub
921 869 1101 934 laminarum
1123 872 1220 933 torma
1240 869 1328 932 facile
1350 865 1539 948 exioliantnr,
1561 865 1649 934 valdo
1671 869 1789 952 fragilia
1809 870 1882 954 quin
1898 870 1961 936 imo
1983 869 2111 936 friabilis
2131 881 2204 937 sunt

600 1003 645 1059 'et
673 995 816 1076 cartilago
843 975 999 1058 matrinam
1027 1003 1143 1077 partem
1170 1001 1216 1057 cst
1244 1001 1386 1058 exbacta.
1443 993 1583 1078 Aliquam
1618 993 1754 1058 animalis
1775 977 1918 1058 murtae
1939 1002 2055 1076 partam
2076 997 2203 1060 forsitan

617 1120 714 1182 adhuc
740 1117 927 1201 praesentem
954 1119 1024 1181 inde
1054 1119 1277 1200 cognoscimus,
1307 1118 1390 1202 qnod
1419 1118 1625 1182 comburendo
1654 1119 1686 1182 in
1713 1118 1865 1184 cochleari
1894 1117 2026 1202 platinae
2046 1119 2205 1202 paululum

614 1243 692 1325 nigri
714 1243 851 1334 celeriter
868 1242 974 1312 abiens
996 1243 1106 1310 nostris
1129 1241 1225 1307 oculis
1248 1249 1382 1326 apparet.
1426 1242 1474 1306 Da
1493 1261 1557 1326 quo
1580 1244 1691 1306 certius
1712 1243 1811 1323 atlbnc
1828 1242 1966 1324 judicare
1987 1263 2157 1326 possumus,
2177 1245 2205 1308 si

615 1387 687 1432 ossa
711 1367 841 1431 dissecta
868 1367 900 1429 in
927 1367 1045 1451 liquore
1071 1367 1134 1430 kali
1162 1367 1285 1430 caustioi
1307 1373 1486 1450 coquuntur.
1537 1367 1606 1430 lloc
1626 1366 1772 1430 baomadi
1793 1385 1888 1448 genus
1910 1365 1981 1432 ideo
2002 1367 2101 1430 minus
2123 1388 2197 1431 con-

614 1489 713 1571 venit,
735 1492 807 1575 quia
827 1498 928 1574 partes
951 1493 988 1553 ab
1011 1491 1100 1554 omni⁴
1114 1483 1238 1553 materia
1259 1487 1379 1556 arrimali
1402 1489 1713 1568 desumus-neilus
1735 1459 1937 1568 dirimuntur,
1965 1497 2033 1554 cote
2054 1509 2117 1554 non
2140 1513 2202 1554 arn-

560 1681 563 1690 ,
616 1615 696 1699 plius
707 1613 799 1699 poliri
818 1633 877 1684 nec
899 1616 1053 1682 observari
1073 1623 1203 1697 possunt
1213 1623 1243 1678 et
1254 1616 1324 1698 quia
1334 1615 1440 1678 iisdem
1461 1613 1524 1677 kali
1545 1615 1677 1677 macnus
1691 1633 1804 1678 novum
1819 1613 2002 1682 connubium
2011 1614 2159 1679 interboc
2172 1623 2203 1680 et

616 1739 727 1802 calcem
741 1739 970 1821 phosphoticam
983 1739 1095 1802 ossium
1111 1741 1225 1806 oriaan
1245 1759 1368 1802 rreoesse
1390 1745 1444 1802 est.
1490 1742 1568 1802 Ossa
1591 1738 1719 1804 dmsecta
1740 1745 1771 1801 et
1792 1757 1861 1800 cum
1880 1735 1945 1800 kali
1965 1737 2199 1804 &monicum-

616 1873 694 1928 etate
714 1861 871 1946 paubrinm
894 1863 954 1926 olei
977 1863 1073 1925 adhue
1095 1863 1321 1945 amplectantur,
1340 1864 1423 1947 quod
1446 1861 1552 1926 iisdem
1574 1861 1607 1925 in
1629 1863 1748 1925 tremere
1769 1861 1864 1930 cortis
1885 1862 1974 1928 troile
1995 1864 2110 1925 errabi
2129 1872 2199 1945 pot·

618 1997 670 2052 est.
715 1989 830 2058 Parvae
852 1987 980 2057 laminae
992 1989 1097 2050 borum
1109 1989 1222 2052 ossium
1234 1995 1301 2050 cote
1323 1987 1471 2054 subtiliter
1486 1987 1640 2069 politaein
1662 1993 1741 2050 statu
1762 1986 1844 2050 sicco
1865 1985 1998 2066 gaudent
2018 1986 2124 2050 colore
2147 1987 2202 2052 im-

617 2091 871 2195 pellocido-alb'oa
894 2131 972 2196 aque
993 2111 1091 2182 solum
1114 2113 1296 2182 madefactae
1317 2111 1501 2180 bmsluoere
1523 2111 1668 2192 incipiunt
1689 2118 1719 2174 et
1742 2109 1921 2190 corpuoctala
1933 2095 2046 2176 esaiani
2065 2129 2123 2174 neo
2145 2114 2203 2176 mi·

614 2258 673 2304 nris
695 2236 851 2299 canaliculi
874 2236 980 2299 radiati
1001 2236 1057 2297 sub
1077 2235 1279 2316 microscopio
1302 2243 1363 2296 tum
1385 2236 1492 2303 iterum
1514 2235 1744 2315 dignoscentem
1771 2233 1838 2298 biee
1858 2251 1940 2299 nunc
1960 2253 2081 2322 quoqne
2104 2243 2203 2300 uana

615 2359 717 2426 lucent
746 2368 788 2437 et,
816 2343 952 2421 nonnisi
967 2358 1092 2419 laminas
1123 2359 1302 2419 madefactas
1329 2351 1487 2434 siccando„
1516 2352 1609 2420 veluti
1637 2364 1718 2420 totae
1744 2351 1889 2434 laninas,
1918 2357 2039 2440 obscuri
2061 2359 2137 2422 liunt
2160 2361 2203 2425 ita

616 2485 704 2561 enim,
726 2490 760 2546 ut
780 2482 838 2566 ipsi
856 2481 983 2562 primum
1003 2481 1356 2544 insicoandoobsourum
1379 2481 1503 2546 induant
1524 2481 1658 2544 colorem
1680 2487 1710 2543 et
1731 2481 1838 2543 deinde
1860 2482 1949 2544 etiam
1967 2483 2134 2546 substantia
2156 2485 2204 2550 in-

616 2607 766 2670 termeffia.
803 2585 1043 2687 Experimentnm
1055 2591 1135 2675 etita
1149 2591 1261 2669 iustiori
1272 2612 1379 2685 potest,
1401 2612 1434 2666 ut
1455 2595 1583 2668 laminae
1606 2605 1719 2670 ossium
1741 2607 1809 2668 cote
1831 2606 1977 2670 subtiliter
1997 2607 2109 2688 politae
2131 2627 2203 2672 cum

615 2725 738 2815 potass'a
760 2738 928 2813 coquantur
955 2735 984 2791 et
1011 2728 1216 2810 impollucidas
1238 2731 1330 2792 tactas
1353 2729 1450 2791 adbuc
1472 2729 1609 2794 subtilius
1632 2730 1729 2812 polire
1743 2727 1838 2794 *caute
1860 2749 2017 2810 conemur,
2046 2733 2130 2816 quod
2152 2753 2199 2796 re-

614 2875 686 2918 vera
713 2854 888 2937 perdifficile
920 2859 965 2916 est
996 2855 1092 2934 iactr,
1121 2873 1188 2915 eum
1211 2851 1338 2920 laminae
1360 2853 1430 2920 'urdo
1452 2854 1583 2920 friabiles
1606 2855 1687 2920 liant.
1732 2855 1808 2917 Oalx
1830 2855 1919 2918 antea
1938 2853 2109 2937 pellucidae
2130 2877 2196 2940 par·

616 2979 654 3042 tis
677 2979 755 3042 ossis
776 2977 940 3048 secundum
959 2955 1092 3059 speeiem
1114 2978 1204 3058 plane
1226 2979 1373 3055 cohaeret,
1395 2997 1457 3042 non
1480 2977 1573 3054 aliter,
1597 2998 1632 3040 ac
1655 2967 1680 3042 si
1702 2985 1851 3041 rtnrctura
1873 2980 1951 3042 ossis
1973 2981 2114 3044 materiae
2138 2983 2191 3044 ani

616 3101 703 3164 malis
725 3103 907 3166 extractione
929 3101 1002 3162 nibil
1024 3107 1136 3168 mutam
1158 3109 1246 3164 esset.
1288 3103 1323 3163 ln
1346 3102 1460 3164 cuncus
1482 3103 1586 3183 spatiis
1609 3100 1792 3166 intermediis
1813 3103 2063 3184 corpusculorum
2085 3107 2192 3169 ossium

537 3199 541 3208 Ι
615 3224 780 3289 substantia
790 3225 937 3288 subtiliter
957 3226 1112 3306 gratulata
1135 3231 1259 3307 apparet
1280 3233 1310 3288 et
1331 3227 1457 3308 gratrula
1479 3225 1547 3288 alba
1569 3227 1686 3288 circiter
1703 3225 1926 3310 amplitudinem
1945 3225 2080 3291 diamari
2102 3229 2196 3293 radia·

615 3359 716 3413 torum
739 3348 974 3419 canaliculorupn
997 3349 1243 3429 corpusculorum
1266 3349 1379 3412 ossium
1403 3359 1540 3433 aequant.

774 3471 885 3561 Quaeri
906 3491 988 3537 nune
1009 3479 1122 3552 potest,
1144 3488 1216 3532 num
1239 3472 1305 3533 calx
1328 3463 1475 3534 subtiliter
1496 3473 1651 3553 granulata
1673 3482 1704 3536 et
1727 3473 1807 3539 dicto
1829 3475 1921 3538 modo
1944 3475 2089 3558 aequisita
2110 3485 2198 3540 antea

614 3595 780 3678 cartilagini
801 3603 910 3678 nupta,
940 3615 976 3658 an
1010 3596 1109 3667 solum
1143 3597 1198 3658 sub
1222 3597 1318 3658 forma
1340 3587 1437 3659 calcis
1452 3597 1669 3678 pirospborioae
1691 3600 1722 3664 in
1745 3599 1847 3662 eadem
1869 3597 2060 3664 subtilissima
2083 3601 2199 3684 dispar-

613 3724 667 3786 tita
688 3723 784 3786 inerit.
827 3721 940 3786 Similis
962 3721 1096 3804 quaestio
1119 3728 1172 3799 ast,
1194 3739 1265 3782 num
1288 3721 1355 3783 calx
1378 3721 1537 3784 earboaica
1564 3741 1740 3790 cancrorum
1763 3730 1855 3786 testae
1884 3721 1978 3804 nupta
1998 3725 2038 3787 sit
2058 3719 2199 3790 materiae

614 3845 734 3908 animali
756 3853 807 3908 ant
829 3846 1014 3909 contineatur
1025 3847 1056 3908 in
1068 3846 1178 3908 tubulis
1188 3845 1394 3922 subtilissimis
1414 3846 1467 3930 qui
1485 3853 1588 3911 testam
1608 3848 1708 3912 cancri
1727 3845 1913 3934 asuperiieie
1924 3849 2040 3910 interna
2050 3849 2089 3910 ad
2100 3859 2198 3912 exter-

614 3989 683 4031 nem
695 3969 856 4032 directione
867 3969 1113 4051 perpendiculari,
1136 3970 1289 4050 paululum
1300 3969 1391 4032 modo
1403 3961 1553 4056 undulata,
1575 3965 1740 4052 pertexunt,
1761 3971 2197 4056 qraiirrnumeriatdens'eeon·

614 4093 747 4157 niventes
759 4093 892 4157 colorem
904 4093 1004 4156 album
1016 4099 1106 4156 testae
1118 4094 1228 4155 fractae
1247 4095 1434 4175 progignunt,
1457 4113 1475 4156 a
1494 4095 1576 4157 calce
1593 4089 1752 4167 carbonirs
1771 4114 1826 4177 per
1841 4096 1927 4162 acida
1942 4096 2058 4163 liberati
2075 4097 2196 4161 distrffl

615 4229 741 4297 possunt
751 4225 780 4279 et
790 4219 910 4281 tubulos
921 4219 1065 4282 flexibiles
1077 4203 1243 4299 pellucidos
1255 4219 1368 4280 sistunt.
1402 4219 1493 4300 Quod
1505 4221 1630 4300 granula
1642 4221 1733 4282 caleis
1744 4219 1961 4300 ptospboncae
1972 4221 2003 4282 in
2018 4227 2102 4302 perte
2118 4223 2195 4286 ossis

504 4357 507 4364 ·
614 4337 764 4423 pellucitla
778 4359 833 4420 per
842 4343 1071 4425 microscopium
1090 4341 1259 4423 investigari
1277 4353 1488 4424 nonpossunt,
1511 4363 1631 4408 cansam
1643 4344 1712 4405 inde
1728 4349 1830 4424 petere
1847 4351 1954 4424 potest„
1976 4345 2107 4427 quirilli
2126 4346 2194 4410 cum

614 4463 768 4546 particulis
781 4463 976 4544 cartilagineis
993 4453 1094 4542 eadem
1111 4467 1312 4548 pelluciditate
1335 4455 1367 4530 et'
1385 4469 1415 4530 vi
1437 4455 1625 4549 refrangendi
1647 4467 1745 4530 lucem
1767 4469 1905 4549 gaudent
1951 4471 2064 4532 Contra
2085 4471 2194 4534 chemi-

615 4609 684 4654 oum
706 4587 887 4652 connubium
909 4588 999 4650 calcis
1019 4591 1237 4670 phosphorioae
1260 4613 1328 4654 cunr
1347 4594 1521 4673 cartilagine
1543 4612 1605 4660 non
1627 4593 1724 4656 solum
1749 4613 1819 4658 osea
1840 4593 1991 4656 rubefacta
2014 4593 2184 4658 mimalinm

614 4733 691 4795 quae
707 4711 808 4776 Rubia
822 4713 959 4778 tinctoris
971 4714 1174 4790 vescebantur,
1196 4715 1228 4777 id
1250 4719 1332 4800 qnod
1354 4720 1520 4781 achemica
1531 4721 1671 4782 affinitate
1682 4719 1773 4781 calcis
1785 4717 2004 4800 phosphoricae
2016 4737 2084 4780 cnm
2093 4717 2190 4782 Rubia

614 4837 751 4900 tinctorio
773 4835 881 4916 oritur,
912 4835 1072 4917 dimicant,
1108 4839 1286 4922 sedetiam,
1319 4843 1435 4924 magnis
1465 4844 1746 4926 amplificationibus
1767 4838 1971 4936 bipennibus
1998 4851 2085 4926 parto
2106 4843 2188 4908 lami-

848 5161 882 5240 ὁ
