4856 5896
1003 569 1055 646 tl

868 875 872 882 '
903 871 1153 955 Corpuscula

382 1030 514 1092 Prmanm
537 1031 857 1096 beenwenboeclr
879 1029 937 1116 (l)
961 1051 997 1092 ea
1019 1031 1197 1094 observasse
1219 1031 1352 1105 videtum
1376 1031 1602 1093 maculasenim
1622 1033 1731 1109 tuscas,
1754 1053 1828 1115 quas

222 1159 381 1236 aperturas
401 1155 516 1217 ordinis
539 1155 663 1218 secandi
685 1155 859 1217 ubnlomn
881 1174 1006 1217 suornm
1030 1169 1096 1218 asse
1118 1160 1219 1236 putat,
1248 1155 1287 1216 ad
1309 1155 1352 1216 nil
1383 1155 1465 1216 aliud
1489 1175 1579 1237 quam
1601 1157 1639 1217 ad
1661 1158 1736 1218 haec
1759 1177 1826 1219 cor-

222 1276 349 1358 puscula
370 1278 477 1339 referti
498 1285 642 1359 possunt,
663 1297 761 1360 neque
784 1279 993 1356 dubitandum,
1022 1279 1094 1361 quin
1116 1279 1230 1359 primus
1253 1298 1359 1340 eornm
1390 1279 1467 1340 ordo
1498 1285 1609 1359 puncta
1639 1279 1690 1340 illa
1714 1289 1829 1360 spectet

220 1416 322 1482 supra,
344 1420 436 1483 quum
458 1401 496 1462 de
515 1399 644 1462 lamellis
657 1402 793 1482 exposui,
815 1410 990 1464 memorata.
1037 1402 1192 1481 Fugerunt
1203 1421 1316 1479 omneS,
1339 1403 1390 1483 qni
1412 1409 1484 1484 post
1497 1397 1573 1464 'eum
1595 1402 1686 1464 telam
1708 1422 1827 1466 osseam

221 1523 422 1606 microseopio
445 1523 677 1607 inquisiverunt,
707 1543 803 1606 usqne
826 1525 898 1587 dum
919 1526 1090 1587 novissimis
1114 1526 1297 1605 temporibus
1320 1525 1505 1604 PurkinJe
1527 1526 1627 1588 denuo
1650 1545 1686 1588 ea
1709 1527 1827 1603 detexit,

221 1665 298 1730 quae
320 1648 385 1730 ipse
407 1649 590 1729 corpuscula
612 1661 678 1710 esse
700 1649 846 1710 intellexit
868 1656 898 1710 et
917 1649 1084 1712 Deutsclr
1098 1647 1152 1734 (2)
1176 1650 1342 1730 descripsit.

381 1772 583 1848 inveniuntur,
606 1778 640 1834 ut
661 1772 732 1848 dlxi,
754 1773 785 1833 in
808 1773 912 1853 quavis
935 1772 995 1833 tela
1018 1791 1115 1850 ossea,
1139 1780 1236 1854 atque,
1258 1773 1394 1852 partibus
1418 1773 1524 1834 terreis
1538 1773 1625 1834 acido
1649 1773 1749 1855 aliquo
1775 1795 1826 1836 cx-

219 1895 325 1976 pnlsis,
346 1895 533 1957 macularum
556 1896 651 1958 instar
672 1896 797 1975 exiguae
819 1895 1030 1975 magnitudinis
1053 1903 1084 1957 et
1105 1896 1217 1958 coloris
1241 1897 1316 1958 tusci
1340 1901 1493 1976 apparent,
1517 1915 1595 1978 qnae
1612 1898 1712 1958 medio
1728 1898 1825 1977 pellu-

220 2025 303 2094 oent,
326 2025 413 2100 atque
435 2017 516 2080 linea
539 2018 684 2096 distincta,
707 2037 805 2099 opaca
825 2017 1003 2092 limitantnr;
1027 2019 1124 2080 forma
1148 2026 1253 2096 ovata,
1276 2020 1370 2098 magis
1393 2020 1530 2081 minusve
1553 2039 1726 2100 compressa
1749 2027 1826 2098 suut,

221 2141 360 2223 utrinque
381 2143 412 2204 in
435 2143 550 2222 apicem
578 2116 700 2216 exennt3
731 2141 862 2204 adhibito
893 2143 1095 2222 microsoopio
1124 2142 1243 2204 fortiori
1269 2161 1374 2222 margo
1404 2142 1603 2204 denticulatus
1626 2150 1764 2223 apparet,
1793 2152 1826 2206 ut

221 2283 352 2328 wronaa
374 2265 507 2327 radiatae
528 2267 640 2345 passim
662 2265 816 2328 exoriatur
838 2266 963 2346 species.
1010 2265 1074 2326 Sita
1102 2272 1172 2326 sunt
1199 2265 1277 2325 inter
1297 2265 1383 2326 binas
1405 2265 1541 2328 lamellas
1565 2267 1620 2342 ita,
1651 2275 1685 2328 nt
1713 2268 1825 2328 diame-

221 2394 285 2452 tros
312 2387 537 2470 longitndinalis
566 2389 719 2470 obliquam
749 2389 857 2451 lrabeat
888 2389 926 2450 ad
954 2387 1091 2451 lamellas
1122 2387 1325 2448 directionem.
1372 2389 1512 2468 Singrnas
1542 2388 1678 2451 lamellas
1700 2391 1824 2465 ratione,

222 2530 281 2593 qua
303 2512 379 2590 dnn,
407 2497 568 2594 inquirenti
590 2513 772 2592 corpuscula
795 2519 941 2594 apparent
961 2519 1105 2604 tanquam
1126 2510 1263 2572 maculae
1287 2511 1440 2592 dispersae
1462 2512 1677 2576 subrotundae.
1723 2513 1757 2574 ln
1780 2514 1824 2574 la-

220 2633 318 2697 mellis
341 2655 462 2717 qnoque
485 2636 673 2711 tenuissimis,
697 2655 771 2716 quas
793 2643 918 2714 propter
939 2635 1171 2715 pelluciditatcm
1194 2635 1231 2694 ad
1254 2635 1475 2715 inquisitionem
1497 2636 1746 2716 microscopicam
1759 2638 1824 2698 ido-

219 2776 293 2818 neas
317 2759 347 2819 in
370 2757 535 2818 substantia
556 2759 721 2837 spongiosa
732 2757 988 2835 deprehendimus,
1009 2757 1084 2816 lraec
1097 2755 1286 2834 corpuscula,
1309 2757 1381 2836 quin
1401 2765 1502 2836 partes
1525 2766 1641 2820 terrene
1663 2760 1747 2838 prius
1771 2779 1823 2820 ex-

220 2887 332 2941 tractae
354 2879 426 2956 sint,
453 2879 533 2940 haud
557 2879 718 2940 difficrrlter
739 2885 975 2958 eognosonntnr3
1005 2879 1100 2958 magis
1123 2878 1154 2939 in
1176 2879 1222 2939 his
1246 2886 1392 2958 apparent
1414 2897 1528 2958 opaca,
1552 2901 1741 2962 qnam-quae
1764 2883 1821 2942 cir-

219 3008 334 3064 cumest
355 3003 527 3079 substantia,
550 3009 580 3064 et
602 3009 742 3084 tanquam
764 3003 874 3063 nebula
897 3003 1043 3080 obvelata,
1067 3003 1240 3083 ceteroquin
1263 3001 1368 3062 cadem
1393 3002 1494 3063 omnia
1516 3009 1585 3065 surat
1607 3005 1713 3064 forma.
1759 3004 1823 3066 Ne-

220 3145 279 3208 que
301 3106 407 3203 minus,
431 3126 785 3204 destructa'cartilagine,
807 3126 998 3206 inpartibus,
1021 3145 1098 3206 qnae
1119 3133 1282 3200 remanent,
1305 3125 1410 3187 terreis
1433 3127 1597 3206 conspicua
1620 3134 1700 3189 sunt.
1747 3129 1822 3188 Car-

220 3249 370 3330 tilagincm
392 3267 463 3326 non,
487 3269 546 3331 qna
568 3250 681 3325 solent,
705 3249 918 3326 calcinatione,
941 3249 995 3311 scd
1018 3250 1059 3310 ita
1081 3249 1228 3327 destruxi,
1250 3255 1284 3309 nt
1305 3249 1457 3310 lamellnm
1479 3257 1599 3310 tenuem
1622 3270 1677 3330 per
1699 3249 1822 3332 aliquod

220 3371 336 3455 tempus
358 3343 459 3434 lixinie
481 3359 542 3432 itali
565 3374 688 3434 caustici
711 3379 825 3433 tarrmm
847 3391 909 3433 non
932 3372 1075 3434 bulliente
1097 3349 1293 3446 macerarem
1317 3390 1378 3455 qno
1401 3375 1495 3449 lacto,
1519 3373 1618 3434 soluta
1641 3373 1822 3453 cartilagine,

220 3495 330 3558 lamina
352 3515 440 3568 ossea
462 3497 550 3558 lactei
573 3497 685 3558 coloris
708 3503 737 3556 et
758 3515 904 3577 perquam
925 3497 1038 3576 fragilis
1061 3497 1101 3572 fit,
1123 3515 1220 3578 neque
1244 3504 1343 3558 tamen
1356 3497 1483 3558 sormam
1501 3503 1602 3573 mutat,
1625 3504 1713 3578 atque
1736 3497 1821 3559 nullo

219 3621 342 3684 residuo
370 3619 477 3681 relicto
512 3619 639 3682 solvitur
667 3621 755 3681 acido
783 3639 858 3681 mur.
883 3621 994 3694 dilnto;
1034 3639 1072 3680 ex
1107 3639 1167 3702 qno
1206 3627 1301 3700 patet,
1333 3620 1444 3682 salinas
1481 3627 1595 3682 tantum
1624 3629 1724 3700 partes
1753 3621 1822 3682 reli-

221 3751 284 3804 ctas
306 3743 406 3803 luisse.

380 3863 558 3945 Magnitudo
581 3884 643 3926 non
666 3868 799 3927 omnium
822 3869 939 3938 eadem;
963 3883 1119 3925 mensurae
1142 3866 1172 3923 in
1197 3865 1319 3941 femore,
1343 3865 1476 3926 sectione
1496 3865 1689 3926 transversali
1712 3863 1819 3942 diviso,

219 3989 368 4052 institutae
391 3991 582 4050 exhibebantz
1409 3951 1415 3966 Ι

221 4112 307 4174 diam.
320 4113 482 4192 longitud:
503 4110 637 4188 unul&
652 4109 791 4188 quesn
810 4109 940 4188 nouos
958 4109 1090 4188 nouos
1107 4109 1240 4188 bonnm
1252 4110 1384 4187 0,οθ65;
1399 4109 1533 4187 uentu
1546 4111 1677 4188 0,0070;
1700 4109 1820 4188 0907ss

221 4236 306 4298 diam
330 4245 457 4298 transm:
480 4235 768 4312 0‚0017;0‚00·20;
791 4233 922 4308 nonan
945 4233 1077 4310 utun&
1099 4234 1232 4310 nouum
1254 4233 1388 4310 numm
1410 4233 1538 4310 0‚0030.
1563 4267 1605 4282 -

378 4362 461 4420 llaec
483 4360 663 4438 corpuscula
686 4360 716 4418 in
745 4358 893 4439 primitiva
911 4361 976 4435 jam
998 4359 1171 4438 cartilagine
1194 4359 1333 4438 reperiri,
1358 4358 1470 4418 circum
1493 4377 1529 4418 ea
1551 4357 1616 4418 fieri
1640 4357 1820 4420 ossitioatio·

218 4501 303 4559 nem,
331 4481 562 4542 collocationem
590 4483 717 4562 denique
741 4501 846 4542 eornm
869 4481 966 4559 magni
989 4483 1132 4544 momenti
1154 4501 1221 4544 esse
1245 4483 1283 4542 ad
1306 4487 1477 4542 contextum
1500 4481 1614 4544 ossium
1636 4481 1819 4561 primarium,

217 4605 412 4668 haecomnia
435 4623 526 4682 supra
549 4606 770 4684 esxposuimus3
792 4613 941 4688 patetque,
964 4607 1139 4684 gravissima
1161 4625 1226 4668 csse
1250 4605 1288 4666 ad
1311 4605 1579 4668 conformationem
1598 4604 1676 4666 telae
1699 4622 1820 4678 osseam

209 4889 217 4920 ¹
379 4883 419 4952 (1)
439 4887 719 4936 Leanwenboeek
736 4889 756 4940 1.
776 4903 799 4944 c.
819 4905 843 4952 p.
862 4889 924 4940 201.

376 4973 416 5041 (2)
436 4977 456 5028 l.
476 4991 499 5027 e.
517 4991 543 5039 p.
562 4973 607 5028 20.
