<?xml version="1.0" encoding="UTF-8"?>
<!DOCTYPE html PUBLIC "-//W3C//DTD XHTML 1.0 Transitional//EN"
    "http://www.w3.org/TR/xhtml1/DTD/xhtml1-transitional.dtd">
<html xmlns="http://www.w3.org/1999/xhtml" xml:lang="en" lang="en">
 <head>
  <title>
</title>
<meta http-equiv="Content-Type" content="text/html;charset=utf-8" />
  <meta name='ocr-system' content='tesseract 3.04.00' />
  <meta name='ocr-capabilities' content='ocr_page ocr_carea ocr_par ocr_line ocrx_word'/>
</head>
<body>
  <div class='ocr_page' id='page_1' title='image "./deinflammatione00mlgoog_0202.png"; bbox 0 0 4784 5894; ppageno 0'>
   <div class='ocr_carea' id='block_1_1' title="bbox 936 588 1014 663">
    <p class='ocr_par' dir='ltr' id='par_1_1' title="bbox 936 588 1014 663">
     <span class='ocr_line' id='line_1_1' title="bbox 936 588 1014 663; baseline -0.013 0"><span class='ocrx_word' id='word_1_1' title='bbox 936 588 1014 663; x_wconf 75' lang='lat'><strong>186</strong></span> 
     </span>
    </p>
   </div>
   <div class='ocr_carea' id='block_1_2' title="bbox 170 777 1770 882">
    <p class='ocr_par' dir='ltr' id='par_1_2' title="bbox 170 777 1770 882">
     <span class='ocr_line' id='line_1_2' title="bbox 170 777 1770 882; baseline 0.002 -19"><span class='ocrx_word' id='word_1_2' title='bbox 170 804 302 882; x_wconf 81' lang='lat' dir='ltr'><strong>apparet,</strong></span> <span class='ocrx_word' id='word_1_3' title='bbox 323 807 358 862; x_wconf 79' lang='lat' dir='ltr'><strong>u&#39;t</strong></span> <span class='ocrx_word' id='word_1_4' title='bbox 380 799 469 863; x_wconf 78' lang='lat' dir='ltr'><strong>etiam</strong></span> <span class='ocrx_word' id='word_1_5' title='bbox 491 800 522 862; x_wconf 92' lang='lat' dir='ltr'><strong>in</strong></span> <span class='ocrx_word' id='word_1_6' title='bbox 545 798 761 882; x_wconf 68' lang='lat' dir='ltr'><strong>supputatione</strong></span> <span class='ocrx_word' id='word_1_7' title='bbox 783 797 949 862; x_wconf 71' lang='lat' dir='ltr'><strong>substantia</strong></span> <span class='ocrx_word' id='word_1_8' title='bbox 971 798 1139 860; x_wconf 65' lang='lat' dir='ltr'><strong>sumcere</strong></span> <span class='ocrx_word' id='word_1_9' title='bbox 1169 794 1344 880; x_wconf 78' lang='lat' dir='ltr'><strong>eoniingeus</strong></span> <span class='ocrx_word' id='word_1_10' title='bbox 1359 777 1595 880; x_wconf 55' lang='lat' dir='ltr'><strong>&#39;organisatioue</strong></span> <span class='ocrx_word' id='word_1_11' title='bbox 1628 799 1770 866; x_wconf 70' lang='lat' dir='ltr'><strong>materiae</strong></span> 
     </span>
    </p>
   </div>
   <div class='ocr_carea' id='block_1_3' title="bbox 167 924 1787 4715">
    <p class='ocr_par' dir='ltr' id='par_1_3' title="bbox 168 924 645 1005">
     <span class='ocr_line' id='line_1_3' title="bbox 168 924 645 1005; baseline 0.004 -20"><span class='ocrx_word' id='word_1_12' title='bbox 168 924 313 1005; x_wconf 77' lang='lat' dir='ltr'><strong>plasii&#39;eee</strong></span> <span class='ocrx_word' id='word_1_13' title='bbox 336 924 500 986; x_wconf 83' lang='lat' dir='ltr'><strong>exsudatae</strong></span> <span class='ocrx_word' id='word_1_14' title='bbox 521 925 645 987; x_wconf 85' lang='lat' dir='ltr'><strong>oriatur&#39;.</strong></span> 
     </span>
    </p>

    <p class='ocr_par' dir='ltr' id='par_1_4' title="bbox 168 1025 1774 2610">
     <span class='ocr_line' id='line_1_4' title="bbox 328 1025 1772 1130; baseline 0.001 -20"><span class='ocrx_word' id='word_1_15' title='bbox 328 1048 447 1130; x_wconf 77' lang='lat' dir='ltr'><strong>Quodsi</strong></span> <span class='ocrx_word' id='word_1_16' title='bbox 470 1048 609 1111; x_wconf 79' lang='lat' dir='ltr'><strong>formatio</strong></span> <span class='ocrx_word' id='word_1_17' title='bbox 632 1045 873 1126; x_wconf 75' lang='lat' dir='ltr'><strong>granulationum</strong></span> <span class='ocrx_word' id='word_1_18' title='bbox 897 1052 986 1109; x_wconf 84' lang='lat' dir='ltr'><strong>aucto</strong></span> <span class='ocrx_word' id='word_1_19' title='bbox 1022 1025 1135 1108; x_wconf 82' lang='lat' dir='ltr'><strong>tantum</strong></span> <span class='ocrx_word' id='word_1_20' title='bbox 1169 1043 1298 1126; x_wconf 85' lang='lat' dir='ltr'><strong>partium</strong></span> <span class='ocrx_word' id='word_1_21' title='bbox 1327 1028 1494 1124; x_wconf 79' lang='lat' dir='ltr'><strong>laesarum,</strong></span> <span class='ocrx_word' id='word_1_22' title='bbox 1523 1049 1772 1112; x_wconf 75' lang='lat' dir='ltr'><strong>inflammatorem</strong></span> 
     </span>
     <span class='ocr_line' id='line_1_5' title="bbox 169 1147 1772 1253; baseline 0.002 -21"><span class='ocrx_word' id='word_1_23' title='bbox 169 1179 258 1253; x_wconf 79' lang='lat' dir='ltr'><strong>atqtre</strong></span> <span class='ocrx_word' id='word_1_24' title='bbox 271 1172 510 1253; x_wconf 80' lang='lat' dir='ltr'><strong>&#39;supputantium</strong></span> <span class='ocrx_word' id='word_1_25' title='bbox 531 1171 717 1232; x_wconf 80' lang='lat' dir='ltr'><strong>incremento</strong></span> <span class='ocrx_word' id='word_1_26' title='bbox 740 1171 951 1251; x_wconf 63' lang='lat' dir='ltr'><strong>perficeretur,</strong></span> <span class='ocrx_word' id='word_1_27' title='bbox 966 1169 1004 1247; x_wconf 92' lang='lat' dir='ltr'><strong>id,</strong></span> <span class='ocrx_word' id='word_1_28' title='bbox 1018 1171 1109 1252; x_wconf 79' lang='lat' dir='ltr'><strong>‘qnod</strong></span> <span class='ocrx_word' id='word_1_29' title='bbox 1127 1171 1279 1250; x_wconf 84' lang='lat' dir='ltr'><strong>protertur</strong></span> <span class='ocrx_word' id='word_1_30' title='bbox 1292 1147 1484 1250; x_wconf 70' lang='lat' dir='ltr'><strong>incremento,</strong></span> <span class='ocrx_word' id='word_1_31' title='bbox 1496 1185 1499 1194; x_wconf 92' lang='grc'><strong>’</strong></span> <span class='ocrx_word' id='word_1_32' title='bbox 1510 1171 1678 1234; x_wconf 75' lang='lat' dir='ltr'><strong>cicatricem</strong></span> <span class='ocrx_word' id='word_1_33' title='bbox 1695 1169 1772 1250; x_wconf 85' lang='lat' dir='ltr'><strong>dieo,</strong></span> 
     </span>
     <span class='ocr_line' id='line_1_6' title="bbox 168 1273 1774 1376; baseline 0.001 -20"><span class='ocrx_word' id='word_1_34' title='bbox 168 1275 288 1356; x_wconf 74' lang='lat' dir='ltr'><strong>textura</strong></span> <span class='ocrx_word' id='word_1_35' title='bbox 302 1303 305 1310; x_wconf 88' lang='grc'><strong>“</strong></span> <span class='ocrx_word' id='word_1_36' title='bbox 321 1295 382 1358; x_wconf 89' lang='lat' dir='ltr'><strong>iliis</strong></span> <span class='ocrx_word' id='word_1_37' title='bbox 416 1277 550 1376; x_wconf 78' lang='lat' dir='ltr'><strong>pertibus</strong></span> <span class='ocrx_word' id='word_1_38' title='bbox 574 1293 712 1376; x_wconf 66' lang='lat' dir='ltr'><strong>&#39;aequus</strong></span> <span class='ocrx_word' id='word_1_39' title='bbox 741 1311 807 1356; x_wconf 85' lang='lat' dir='ltr'><strong>esse</strong></span> <span class='ocrx_word' id='word_1_40' title='bbox 829 1273 998 1374; x_wconf 81' lang='lat' dir='ltr'><strong>oporteret,</strong></span> <span class='ocrx_word' id='word_1_41' title='bbox 1031 1293 1294 1375; x_wconf 80' lang='lat' dir='ltr'><strong>musculosamqne</strong></span> <span class='ocrx_word' id='word_1_42' title='bbox 1327 1295 1357 1356; x_wconf 91' lang='lat' dir='ltr'><strong>in</strong></span> <span class='ocrx_word' id='word_1_43' title='bbox 1387 1293 1546 1372; x_wconf 85' lang='lat' dir='ltr'><strong>musculis,</strong></span> <span class='ocrx_word' id='word_1_44' title='bbox 1578 1312 1720 1358; x_wconf 81' lang='lat' dir='ltr'><strong>necveam</strong></span> <span class='ocrx_word' id='word_1_45' title='bbox 1742 1297 1774 1358; x_wconf 89' lang='lat' dir='ltr'><strong>in</strong></span> 
     </span>
     <span class='ocr_line' id='line_1_7' title="bbox 168 1414 1772 1500; baseline 0.001 -20"><span class='ocrx_word' id='word_1_46' title='bbox 168 1419 270 1480; x_wconf 80' lang='lat' dir='ltr'><strong>nervis</strong></span> <span class='ocrx_word' id='word_1_47' title='bbox 292 1414 486 1480; x_wconf 75' lang='lat' dir='ltr'><strong>substantiam</strong></span> <span class='ocrx_word' id='word_1_48' title='bbox 501 1417 643 1493; x_wconf 68' lang='lat' dir='ltr'><strong>formarit</strong></span> <span class='ocrx_word' id='word_1_49' title='bbox 665 1419 790 1479; x_wconf 75' lang='lat' dir='ltr'><strong>atvero</strong></span> <span class='ocrx_word' id='word_1_50' title='bbox 812 1415 932 1497; x_wconf 87' lang='lat' dir='ltr'><strong>pienum</strong></span> <span class='ocrx_word' id='word_1_51' title='bbox 949 1417 1176 1498; x_wconf 73' lang='lat' dir='ltr'><strong>perfectamque</strong></span> <span class='ocrx_word' id='word_1_52' title='bbox 1198 1417 1327 1498; x_wconf 85' lang='lat' dir='ltr'><strong>partium</strong></span> <span class='ocrx_word' id='word_1_53' title='bbox 1347 1418 1461 1500; x_wconf 85' lang='lat' dir='ltr'><strong>ubique</strong></span> <span class='ocrx_word' id='word_1_54' title='bbox 1484 1419 1549 1480; x_wconf 84' lang='lat' dir='ltr'><strong>fieri</strong></span> <span class='ocrx_word' id='word_1_55' title='bbox 1569 1421 1772 1499; x_wconf 77' lang='lat' dir='ltr'><strong>regeneratio-</strong></span> 
     </span>
     <span class='ocr_line' id='line_1_8' title="bbox 168 1538 1772 1624; baseline 0.001 -21"><span class='ocrx_word' id='word_1_56' title='bbox 168 1556 247 1617; x_wconf 86' lang='lat' dir='ltr'><strong>neru,</strong></span> <span class='ocrx_word' id='word_1_57' title='bbox 269 1541 453 1620; x_wconf 78' lang='lat' dir='ltr'><strong>experientia</strong></span> <span class='ocrx_word' id='word_1_58' title='bbox 474 1540 628 1603; x_wconf 71' lang='lat' dir='ltr'><strong>miellitnc.</strong></span> <span class='ocrx_word' id='word_1_59' title='bbox 675 1539 708 1602; x_wconf 86' lang='lat' dir='ltr'><strong>Si</strong></span> <span class='ocrx_word' id='word_1_60' title='bbox 737 1539 798 1601; x_wconf 85' lang='lat' dir='ltr'><strong>tale</strong></span> <span class='ocrx_word' id='word_1_61' title='bbox 823 1539 1055 1617; x_wconf 71' lang='lat' dir='ltr'><strong>incrementum,</strong></span> <span class='ocrx_word' id='word_1_62' title='bbox 1088 1541 1131 1601; x_wconf 89' lang='lat' dir='ltr'><strong>uti</strong></span> <span class='ocrx_word' id='word_1_63' title='bbox 1153 1539 1292 1602; x_wconf 86' lang='lat' dir='ltr'><strong>Bichat</strong></span> <span class='ocrx_word' id='word_1_64' title='bbox 1320 1538 1419 1603; x_wconf 82' lang='lat' dir='ltr'><strong>voluit</strong></span> <span class='ocrx_word' id='word_1_65' title='bbox 1448 1549 1478 1604; x_wconf 87' lang='lat' dir='ltr'><strong>et</strong></span> <span class='ocrx_word' id='word_1_66' title='bbox 1505 1543 1556 1624; x_wconf 87' lang='lat' dir='ltr'><strong>qui</strong></span> <span class='ocrx_word' id='word_1_67' title='bbox 1588 1560 1656 1605; x_wconf 87' lang='lat' dir='ltr'><strong>enm</strong></span> <span class='ocrx_word' id='word_1_68' title='bbox 1679 1544 1772 1606; x_wconf 89' lang='lat' dir='ltr'><strong>secuti</strong></span> 
     </span>
     <span class='ocr_line' id='line_1_9' title="bbox 168 1661 1772 1741; baseline 0.002 -15"><span class='ocrx_word' id='word_1_69' title='bbox 168 1669 246 1741; x_wconf 78' lang='lat' dir='ltr'><strong>strui,</strong></span> <span class='ocrx_word' id='word_1_70' title='bbox 268 1663 388 1726; x_wconf 83' lang='lat' dir='ltr'><strong>nonnisi</strong></span> <span class='ocrx_word' id='word_1_71' title='bbox 411 1663 693 1726; x_wconf 60' lang='lat' dir='ltr'><strong>iu‘tele&#39;cellulosu</strong></span> <span class='ocrx_word' id='word_1_72' title='bbox 714 1661 817 1726; x_wconf 87' lang='lat' dir='ltr'><strong>locum</strong></span> <span class='ocrx_word' id='word_1_73' title='bbox 839 1663 948 1725; x_wconf 77' lang='lat' dir='ltr'><strong>hebere</strong></span> <span class='ocrx_word' id='word_1_74' title='bbox 971 1667 1143 1739; x_wconf 72' lang='lat' dir='ltr'><strong>statuamus</strong></span> <span class='ocrx_word' id='word_1_75' title='bbox 1167 1663 1245 1726; x_wconf 90' lang='lat' dir='ltr'><strong>idem</strong></span> <span class='ocrx_word' id='word_1_76' title='bbox 1269 1666 1331 1725; x_wconf 89' lang='lat' dir='ltr'><strong>iere</strong></span> <span class='ocrx_word' id='word_1_77' title='bbox 1355 1665 1470 1740; x_wconf 62' lang='lat' dir='ltr'><strong>obstat}</strong></span> <span class='ocrx_word' id='word_1_78' title='bbox 1494 1665 1602 1727; x_wconf 77' lang='lat' dir='ltr'>etenim</span> <span class='ocrx_word' id='word_1_79' title='bbox 1626 1667 1772 1730; x_wconf 75' lang='lat' dir='ltr'><strong>cicatricis</strong></span> 
     </span>
     <span class='ocr_line' id='line_1_10' title="bbox 168 1785 1772 1864; baseline 0.002 -15"><span class='ocrx_word' id='word_1_80' title='bbox 168 1787 341 1864; x_wconf 76' lang='lat' dir='ltr'><strong>mbstantia,</strong></span> <span class='ocrx_word' id='word_1_81' title='bbox 364 1787 437 1848; x_wconf 86' lang='lat' dir='ltr'><strong>licet</strong></span> <span class='ocrx_word' id='word_1_82' title='bbox 456 1792 606 1848; x_wconf 75' lang='lat' dir='ltr'><strong>strnctma</strong></span> <span class='ocrx_word' id='word_1_83' title='bbox 628 1787 706 1849; x_wconf 77' lang='lat' dir='ltr'><strong>telae</strong></span> <span class='ocrx_word' id='word_1_84' title='bbox 730 1786 857 1849; x_wconf 83' lang='lat' dir='ltr'><strong>maxime</strong></span> <span class='ocrx_word' id='word_1_85' title='bbox 880 1785 1051 1849; x_wconf 82' lang='lat' dir='ltr'><strong>cellatiosae&#39;</strong></span> <span class='ocrx_word' id='word_1_86' title='bbox 1077 1787 1190 1862; x_wconf 76' lang='lat' dir='ltr'><strong>eihais,</strong></span> <span class='ocrx_word' id='word_1_87' title='bbox 1225 1787 1296 1849; x_wconf 88' lang='lat' dir='ltr'><strong>satis</strong></span> <span class='ocrx_word' id='word_1_88' title='bbox 1328 1787 1488 1848; x_wconf 78' lang='lat' dir='ltr'><strong>tamenab</strong></span> <span class='ocrx_word' id='word_1_89' title='bbox 1513 1789 1681 1862; x_wconf 77' lang='lat' dir='ltr'><strong>eaditlcrt3</strong></span> <span class='ocrx_word' id='word_1_90' title='bbox 1716 1811 1772 1853; x_wconf 89' lang='lat' dir='ltr'><strong>nec</strong></span> 
     </span>
     <span class='ocr_line' id='line_1_11' title="bbox 169 1907 1773 1993; baseline 0.002 -22"><span class='ocrx_word' id='word_1_91' title='bbox 169 1928 301 1993; x_wconf 82' lang='lat' dir='ltr'><strong>unquam</strong></span> <span class='ocrx_word' id='word_1_92' title='bbox 324 1910 554 1990; x_wconf 76' lang='lat' dir='ltr'><strong>granulationes,</strong></span> <span class='ocrx_word' id='word_1_93' title='bbox 578 1917 653 1972; x_wconf 85' lang='lat' dir='ltr'><strong>teste</strong></span> <span class='ocrx_word' id='word_1_94' title='bbox 674 1909 848 1986; x_wconf 66' lang='lat' dir='ltr'><strong>Paullo)</strong></span> <span class='ocrx_word' id='word_1_95' title='bbox 873 1917 961 1992; x_wconf 77' lang='lat' dir='ltr'><strong>atque</strong></span> <span class='ocrx_word' id='word_1_96' title='bbox 984 1911 1051 1990; x_wconf 90' lang='lat' dir='ltr'><strong>ipso</strong></span> <span class='ocrx_word' id='word_1_97' title='bbox 1074 1909 1209 1971; x_wconf 76' lang='lat' dir='ltr'><strong>Bichat</strong></span> <span class='ocrx_word' id='word_1_98' title='bbox 1232 1907 1294 1991; x_wconf 72' lang='lat'><strong>(2),</strong></span> <span class='ocrx_word' id='word_1_99' title='bbox 1317 1907 1360 1970; x_wconf 80' lang='lat' dir='ltr'><strong>tu</strong></span> <span class='ocrx_word' id='word_1_100' title='bbox 1381 1909 1461 1972; x_wconf 81' lang='lat' dir='ltr'><strong>telae</strong></span> <span class='ocrx_word' id='word_1_101' title='bbox 1491 1910 1655 1974; x_wconf 84' lang='lat' dir='ltr'><strong>eellulosae</strong></span> <span class='ocrx_word' id='word_1_102' title='bbox 1678 1913 1773 1975; x_wconf 92' lang='lat' dir='ltr'><strong>conti-</strong></span> 
     </span>
     <span class='ocr_line' id='line_1_12' title="bbox 168 2023 1772 2116; baseline 0.002 -20"><span class='ocrx_word' id='word_1_103' title='bbox 168 2041 307 2110; x_wconf 81' lang='lat' dir='ltr'><strong>nuantur,</strong></span> <span class='ocrx_word' id='word_1_104' title='bbox 328 2041 363 2094; x_wconf 88' lang='lat' dir='ltr'><strong>ut</strong></span> <span class='ocrx_word' id='word_1_105' title='bbox 384 2035 440 2094; x_wconf 85' lang='lat' dir='ltr'><strong>hae</strong></span> <span class='ocrx_word' id='word_1_106' title='bbox 462 2023 580 2094; x_wconf 83' lang='lat' dir='ltr'><strong>suillata</strong></span> <span class='ocrx_word' id='word_1_107' title='bbox 603 2033 673 2096; x_wconf 79' lang='lat' dir='ltr'><strong>illae</strong></span> <span class='ocrx_word' id='word_1_108' title='bbox 695 2033 785 2096; x_wconf 84' lang='lat' dir='ltr'><strong>sinaul</strong></span> <span class='ocrx_word' id='word_1_109' title='bbox 807 2033 963 2108; x_wconf 72' lang='lat' dir='ltr'><strong>indentur}</strong></span> <span class='ocrx_word' id='word_1_110' title='bbox 986 2034 1021 2094; x_wconf 89' lang='lat' dir='ltr'><strong>id</strong></span> <span class='ocrx_word' id='word_1_111' title='bbox 1038 2033 1121 2115; x_wconf 77' lang='lat' dir='ltr'><strong>quod</strong></span> <span class='ocrx_word' id='word_1_112' title='bbox 1145 2033 1210 2093; x_wconf 87' lang='lat' dir='ltr'><strong>lieri</strong></span> <span class='ocrx_word' id='word_1_113' title='bbox 1233 2039 1395 2112; x_wconf 78' lang='lat' dir='ltr'>oporteret,</span> <span class='ocrx_word' id='word_1_114' title='bbox 1420 2033 1445 2095; x_wconf 91' lang='lat' dir='ltr'><strong>si</strong></span> <span class='ocrx_word' id='word_1_115' title='bbox 1467 2035 1691 2114; x_wconf 70' lang='lat' dir='ltr'><strong>gratulationes</strong></span> <span class='ocrx_word' id='word_1_116' title='bbox 1715 2057 1772 2116; x_wconf 92' lang='lat' dir='ltr'><strong>pro</strong></span> 
     </span>
     <span class='ocr_line' id='line_1_13' title="bbox 169 2149 1773 2238; baseline 0.001 -20"><span class='ocrx_word' id='word_1_117' title='bbox 169 2156 229 2218; x_wconf 86' lang='lat' dir='ltr'><strong>tela</strong></span> <span class='ocrx_word' id='word_1_118' title='bbox 251 2154 407 2218; x_wconf 60' lang='lat' dir='ltr'><strong>eeliuiose&#39;*</strong></span> <span class='ocrx_word' id='word_1_119' title='bbox 420 2149 475 2238; x_wconf 88' lang='lat' dir='ltr'><strong>pc&#39;r</strong></span> <span class='ocrx_word' id='word_1_120' title='bbox 500 2175 610 2218; x_wconf 84' lang='lat' dir='ltr'><strong>meram</strong></span> <span class='ocrx_word' id='word_1_121' title='bbox 634 2156 826 2218; x_wconf 78' lang='lat' dir='ltr'><strong>nutritionem</strong></span> <span class='ocrx_word' id='word_1_122' title='bbox 850 2163 967 2218; x_wconf 81' lang='lat' dir='ltr'><strong>anetam</strong></span> <span class='ocrx_word' id='word_1_123' title='bbox 990 2163 1179 2218; x_wconf 67' lang='lat' dir='ltr'><strong>accrescente</strong></span> <span class='ocrx_word' id='word_1_124' title='bbox 1209 2153 1363 2217; x_wconf 75' lang='lat' dir='ltr'><strong>habendae</strong></span> <span class='ocrx_word' id='word_1_125' title='bbox 1397 2161 1504 2220; x_wconf 81' lang='lat' dir='ltr'><strong>essent.</strong></span> <span class='ocrx_word' id='word_1_126' title='bbox 1562 2159 1708 2220; x_wconf 79' lang='lat' dir='ltr'><strong>Usitetum</strong></span> <span class='ocrx_word' id='word_1_127' title='bbox 1737 2159 1773 2220; x_wconf 93' lang='lat' dir='ltr'><strong>ii-</strong></span> 
     </span>
     <span class='ocr_line' id='line_1_14' title="bbox 168 2257 1774 2365; baseline 0.001 -23"><span class='ocrx_word' id='word_1_128' title='bbox 168 2280 222 2342; x_wconf 87' lang='lat' dir='ltr'><strong>lnd</strong></span> <span class='ocrx_word' id='word_1_129' title='bbox 243 2281 403 2356; x_wconf 76' lang='lat' dir='ltr'><strong>veteribus,</strong></span> <span class='ocrx_word' id='word_1_130' title='bbox 424 2289 561 2342; x_wconf 80' lang='lat' dir='ltr'><strong>rretnram</strong></span> <span class='ocrx_word' id='word_1_131' title='bbox 586 2281 826 2343; x_wconf 78' lang='lat' dir='ltr'><strong>inflammationis</strong></span> <span class='ocrx_word' id='word_1_132' title='bbox 849 2281 880 2342; x_wconf 89' lang='lat' dir='ltr'><strong>in</strong></span> <span class='ocrx_word' id='word_1_133' title='bbox 903 2287 990 2342; x_wconf 79' lang='lat' dir='ltr'><strong>errata</strong></span> <span class='ocrx_word' id='word_1_134' title='bbox 1012 2278 1073 2341; x_wconf 83' lang='lat' dir='ltr'><strong>vite</strong></span> <span class='ocrx_word' id='word_1_135' title='bbox 1096 2281 1263 2361; x_wconf 79' lang='lat' dir='ltr'><strong>vegetativa</strong></span> <span class='ocrx_word' id='word_1_136' title='bbox 1284 2281 1415 2356; x_wconf 84' lang='lat' dir='ltr'><strong>versari,</strong></span> <span class='ocrx_word' id='word_1_137' title='bbox 1437 2257 1637 2343; x_wconf 70' lang='lat' dir='ltr'><strong>recentiorum</strong></span> <span class='ocrx_word' id='word_1_138' title='bbox 1661 2281 1774 2365; x_wconf 87' lang='lat' dir='ltr'><strong>disqui-</strong></span> 
     </span>
     <span class='ocr_line' id='line_1_15' title="bbox 168 2391 1773 2487; baseline -0.001 -19"><span class='ocrx_word' id='word_1_139' title='bbox 168 2403 327 2468; x_wconf 83' lang='lat' dir='ltr'><strong>sitionibus</strong></span> <span class='ocrx_word' id='word_1_140' title='bbox 344 2403 522 2484; x_wconf 70' lang='lat' dir='ltr'><strong>jamdudum</strong></span> <span class='ocrx_word' id='word_1_141' title='bbox 545 2405 704 2465; x_wconf 71' lang='lat' dir='ltr'><strong>refutatum</strong></span> <span class='ocrx_word' id='word_1_142' title='bbox 728 2409 787 2478; x_wconf 79' lang='lat' dir='ltr'><strong>est3</strong></span> <span class='ocrx_word' id='word_1_143' title='bbox 809 2404 861 2485; x_wconf 83' lang='lat' dir='ltr'><strong>qui</strong></span> <span class='ocrx_word' id='word_1_144' title='bbox 889 2404 1009 2465; x_wconf 89' lang='lat' dir='ltr'><strong>tandem</strong></span> <span class='ocrx_word' id='word_1_145' title='bbox 1040 2405 1106 2465; x_wconf 90' lang='lat' dir='ltr'><strong>tieri</strong></span> <span class='ocrx_word' id='word_1_146' title='bbox 1128 2403 1231 2484; x_wconf 86' lang='lat' dir='ltr'><strong>possit,</strong></span> <span class='ocrx_word' id='word_1_147' title='bbox 1254 2410 1287 2465; x_wconf 95' lang='lat' dir='ltr'><strong>nt</strong></span> <span class='ocrx_word' id='word_1_148' title='bbox 1309 2403 1453 2483; x_wconf 77' lang='lat' dir='ltr'><strong>sanguiue</strong></span> <span class='ocrx_word' id='word_1_149' title='bbox 1482 2391 1622 2468; x_wconf 76' lang='lat' dir='ltr'><strong>in&#39;vasis</strong></span> <span class='ocrx_word' id='word_1_150' title='bbox 1650 2405 1773 2487; x_wconf 86' lang='lat' dir='ltr'><strong>capilla-</strong></span> 
     </span>
     <span class='ocr_line' id='line_1_16' title="bbox 168 2513 1719 2610; baseline 0 -20"><span class='ocrx_word' id='word_1_151' title='bbox 168 2513 575 2608; x_wconf 73' lang='lat' dir='ltr'><strong>rihns&#39;·stegncnte·untritio</strong></span> <span class='ocrx_word' id='word_1_152' title='bbox 599 2533 747 2610; x_wconf 79' lang='lat' dir='ltr'><strong>ea,&#39;qnae</strong></span> <span class='ocrx_word' id='word_1_153' title='bbox 769 2527 803 2588; x_wconf 86' lang='lat' dir='ltr'><strong>tit</strong></span> <span class='ocrx_word' id='word_1_154' title='bbox 825 2527 989 2589; x_wconf 85' lang='lat' dir='ltr'><strong>seeundum</strong></span> <span class='ocrx_word' id='word_1_155' title='bbox 1012 2533 1159 2604; x_wconf 81' lang='lat' dir='ltr'><strong>naturam,</strong></span> <span class='ocrx_word' id='word_1_156' title='bbox 1181 2527 1245 2589; x_wconf 78' lang='lat' dir='ltr'><strong>sive</strong></span> <span class='ocrx_word' id='word_1_157' title='bbox 1267 2527 1491 2604; x_wconf 87' lang='lat' dir='ltr'><strong>incrementum,</strong></span> <span class='ocrx_word' id='word_1_158' title='bbox 1507 2529 1678 2609; x_wconf 64' lang='lat' dir='ltr'><strong>‘aargcamri</strong></span> <span class='ocrx_word' id='word_1_159' title='bbox 1715 2558 1719 2572; x_wconf 88' lang='lat'><strong>·</strong></span> 
     </span>
    </p>

    <p class='ocr_par' dir='ltr' id='par_1_5' title="bbox 167 2637 1787 4715">
     <span class='ocr_line' id='line_1_17' title="bbox 253 2637 1773 2733; baseline 0.002 -21"><span class='ocrx_word' id='word_1_160' title='bbox 253 2676 256 2688; x_wconf 91' lang='lat'>·</span> <span class='ocrx_word' id='word_1_161' title='bbox 305 2637 436 2733; x_wconf 69' lang='lat' dir='ltr'><strong>&#39;‘liaqne·</strong></span> <span class='ocrx_word' id='word_1_162' title='bbox 453 2666 545 2732; x_wconf 88' lang='lat' dir='ltr'><strong>quum</strong></span> <span class='ocrx_word' id='word_1_163' title='bbox 569 2651 767 2729; x_wconf 82' lang='lat' dir='ltr'><strong>incongruum</strong></span> <span class='ocrx_word' id='word_1_164' title='bbox 791 2665 857 2710; x_wconf 85' lang='lat' dir='ltr'><strong>esse</strong></span> <span class='ocrx_word' id='word_1_165' title='bbox 879 2649 1025 2724; x_wconf 80' lang='lat' dir='ltr'><strong>videatur,</strong></span> <span class='ocrx_word' id='word_1_166' title='bbox 1048 2655 1081 2709; x_wconf 90' lang='lat' dir='ltr'><strong>ut</strong></span> <span class='ocrx_word' id='word_1_167' title='bbox 1103 2650 1328 2725; x_wconf 76' lang='lat' dir='ltr'><strong>granulationes</strong></span> <span class='ocrx_word' id='word_1_168' title='bbox 1351 2651 1414 2712; x_wconf 79' lang='lat' dir='ltr'><strong>sive</strong></span> <span class='ocrx_word' id='word_1_169' title='bbox 1443 2649 1566 2712; x_wconf 81' lang='lat' dir='ltr'><strong>cicatrix</strong></span> <span class='ocrx_word' id='word_1_170' title='bbox 1587 2653 1773 2716; x_wconf 83' lang='lat' dir='ltr'><strong>incremento</strong></span> 
     </span>
     <span class='ocr_line' id='line_1_18' title="bbox 169 2769 1774 2855; baseline -0.001 -17"><span class='ocrx_word' id='word_1_171' title='bbox 169 2783 258 2838; x_wconf 81' lang='lat' dir='ltr'><strong>aucto</strong></span> <span class='ocrx_word' id='word_1_172' title='bbox 281 2775 430 2850; x_wconf 72' lang='lat' dir='ltr'><strong>odantm,</strong></span> <span class='ocrx_word' id='word_1_173' title='bbox 464 2779 527 2834; x_wconf 76' lang='lat' dir='ltr'><strong>hina</strong></span> <span class='ocrx_word' id='word_1_174' title='bbox 555 2772 635 2832; x_wconf 87' lang='lat' dir='ltr'><strong>haud</strong></span> <span class='ocrx_word' id='word_1_175' title='bbox 662 2771 779 2833; x_wconf 83' lang='lat' dir='ltr'><strong>levibus</strong></span> <span class='ocrx_word' id='word_1_176' title='bbox 810 2770 992 2849; x_wconf 78' lang='lat' dir='ltr'><strong>argumentis</strong></span> <span class='ocrx_word' id='word_1_177' title='bbox 1016 2777 1106 2850; x_wconf 78' lang='lat' dir='ltr'><strong>atque</strong></span> <span class='ocrx_word' id='word_1_178' title='bbox 1128 2769 1406 2850; x_wconf 84' lang='lat' dir='ltr'><strong>observationibus,</strong></span> <span class='ocrx_word' id='word_1_179' title='bbox 1441 2791 1479 2834; x_wconf 87' lang='lat' dir='ltr'><strong>ex</strong></span> <span class='ocrx_word' id='word_1_180' title='bbox 1501 2773 1625 2836; x_wconf 70' lang='lat' dir='ltr'><strong>meurie</strong></span> <span class='ocrx_word' id='word_1_181' title='bbox 1647 2776 1774 2855; x_wconf 81' lang='lat' dir='ltr'><strong>plastice</strong></span> 
     </span>
     <span class='ocr_line' id='line_1_19' title="bbox 167 2882 1772 2975; baseline -0.001 -15"><span class='ocrx_word' id='word_1_182' title='bbox 167 2898 315 2960; x_wconf 73' lang='lat' dir='ltr'><strong>exsardttc</strong></span> <span class='ocrx_word' id='word_1_183' title='bbox 336 2913 402 2957; x_wconf 79' lang='lat' dir='ltr'><strong>eum</strong></span> <span class='ocrx_word' id='word_1_184' title='bbox 425 2895 555 2970; x_wconf 74' lang='lat' dir='ltr'><strong>tonderi,</strong></span> <span class='ocrx_word' id='word_1_185' title='bbox 579 2882 770 2974; x_wconf 78' lang='lat' dir='ltr'><strong>comprobari</strong></span> <span class='ocrx_word' id='word_1_186' title='bbox 792 2889 936 2956; x_wconf 78' lang='lat' dir='ltr'><strong>videmus.</strong></span> <span class='ocrx_word' id='word_1_187' title='bbox 994 2893 1028 2954; x_wconf 91' lang='lat' dir='ltr'><strong>in</strong></span> <span class='ocrx_word' id='word_1_188' title='bbox 1063 2893 1182 2954; x_wconf 82' lang='lat' dir='ltr'><strong>ossibus</strong></span> <span class='ocrx_word' id='word_1_189' title='bbox 1211 2888 1384 2955; x_wconf 78' lang='lat' dir='ltr'><strong>sullstantia¹</strong></span> <span class='ocrx_word' id='word_1_190' title='bbox 1406 2910 1423 2956; x_wconf 88' lang='lat' dir='ltr'><strong>e</strong></span> <span class='ocrx_word' id='word_1_191' title='bbox 1445 2895 1702 2975; x_wconf 76' lang='lat' dir='ltr'><strong>granulatiortibns</strong></span> <span class='ocrx_word' id='word_1_192' title='bbox 1726 2915 1772 2958; x_wconf 91' lang='lat' dir='ltr'><strong>re-</strong></span> 
     </span>
     <span class='ocr_line' id='line_1_20' title="bbox 168 3014 1772 3102; baseline -0.001 -19"><span class='ocrx_word' id='word_1_193' title='bbox 168 3039 240 3084; x_wconf 85' lang='lat' dir='ltr'><strong>eens</strong></span> <span class='ocrx_word' id='word_1_194' title='bbox 263 3016 497 3082; x_wconf 72' lang='lat' dir='ltr'><strong>&#39;confictenuha</strong></span> <span class='ocrx_word' id='word_1_195' title='bbox 520 3034 553 3078; x_wconf 87' lang='lat' dir='ltr'><strong>re</strong></span> <span class='ocrx_word' id='word_1_196' title='bbox 577 3017 675 3078; x_wconf 67' lang='lat' dir='ltr'><strong>didm</strong></span> <span class='ocrx_word' id='word_1_197' title='bbox 698 3017 735 3078; x_wconf 91' lang='lat' dir='ltr'><strong>ab</strong></span> <span class='ocrx_word' id='word_1_198' title='bbox 757 3037 802 3094; x_wconf 83' lang='lat' dir='ltr'><strong>ee,</strong></span> <span class='ocrx_word' id='word_1_199' title='bbox 826 3029 903 3099; x_wconf 80' lang='lat' dir='ltr'><strong>qnae</strong></span> <span class='ocrx_word' id='word_1_200' title='bbox 926 3014 1211 3078; x_wconf 81' lang='lat' dir='ltr'><strong>lninfla&#39;mmatione</strong></span> <span class='ocrx_word' id='word_1_201' title='bbox 1235 3015 1410 3078; x_wconf 81' lang='lat' dir='ltr'><strong>exsudativa</strong></span> <span class='ocrx_word' id='word_1_202' title='bbox 1430 3019 1584 3096; x_wconf 61' lang='lat' dir='ltr'><strong>mutetur,</strong></span> <span class='ocrx_word' id='word_1_203' title='bbox 1608 3020 1772 3102; x_wconf 86' lang='lat' dir='ltr'><strong>eademque</strong></span> 
     </span>
     <span class='ocr_line' id='line_1_21' title="bbox 170 3132 1784 3228; baseline 0 -22"><span class='ocrx_word' id='word_1_204' title='bbox 170 3145 255 3228; x_wconf 78' lang='lat' dir='ltr'><strong>quasi</strong></span> <span class='ocrx_word' id='word_1_205' title='bbox 277 3142 461 3206; x_wconf 73' lang='lat' dir='ltr'><strong>evolationis</strong></span> <span class='ocrx_word' id='word_1_206' title='bbox 480 3142 578 3203; x_wconf 76' lang='lat' dir='ltr'><strong>stadie</strong></span> <span class='ocrx_word' id='word_1_207' title='bbox 600 3156 779 3222; x_wconf 81' lang='lat' dir='ltr'><strong>percurrens</strong></span> <span class='ocrx_word' id='word_1_208' title='bbox 803 3145 834 3202; x_wconf 88' lang='lat' dir='ltr'><strong>et</strong></span> <span class='ocrx_word' id='word_1_209' title='bbox 854 3140 921 3221; x_wconf 87' lang='lat' dir='ltr'><strong>ipsa</strong></span> <span class='ocrx_word' id='word_1_210' title='bbox 944 3139 1084 3217; x_wconf 78' lang='lat' dir='ltr'><strong>osseafit,</strong></span> <span class='ocrx_word' id='word_1_211' title='bbox 1108 3147 1197 3222; x_wconf 86' lang='lat' dir='ltr'><strong>atque</strong></span> <span class='ocrx_word' id='word_1_212' title='bbox 1219 3159 1356 3203; x_wconf 88' lang='lat' dir='ltr'><strong>reeens</strong></span> <span class='ocrx_word' id='word_1_213' title='bbox 1380 3139 1508 3203; x_wconf 79' lang='lat' dir='ltr'><strong>addita</strong></span> <span class='ocrx_word' id='word_1_214' title='bbox 1532 3161 1598 3205; x_wconf 90' lang='lat' dir='ltr'><strong>esse</strong></span> <span class='ocrx_word' id='word_1_215' title='bbox 1620 3132 1784 3206; x_wconf 75' lang='lat' dir='ltr'><strong>manifeste¹</strong></span> 
     </span>
     <span class='ocr_line' id='line_1_22' title="bbox 170 3257 1777 3350; baseline -0.001 -20"><span class='ocrx_word' id='word_1_216' title='bbox 170 3275 310 3350; x_wconf 70' lang='lat' dir='ltr'><strong>appareta</strong></span> <span class='ocrx_word' id='word_1_217' title='bbox 334 3286 431 3348; x_wconf 84' lang='lat' dir='ltr'><strong>aeque</strong></span> <span class='ocrx_word' id='word_1_218' title='bbox 451 3268 607 3347; x_wconf 82' lang='lat' dir='ltr'><strong>praeterea</strong></span> <span class='ocrx_word' id='word_1_219' title='bbox 628 3265 758 3346; x_wconf 79' lang='lat' dir='ltr'><strong>primum</strong></span> <span class='ocrx_word' id='word_1_220' title='bbox 781 3263 848 3326; x_wconf 88' lang='lat' dir='ltr'><strong>orta</strong></span> <span class='ocrx_word' id='word_1_221' title='bbox 870 3259 993 3326; x_wconf 86' lang='lat' dir='ltr'><strong>limite</strong></span> <span class='ocrx_word' id='word_1_222' title='bbox 1024 3261 1217 3327; x_wconf 89' lang='lat' dir='ltr'><strong>distinete</strong></span> <span class='ocrx_word' id='word_1_223' title='bbox 1247 3284 1265 3326; x_wconf 79' lang='lat' dir='ltr'><strong>a</strong></span> <span class='ocrx_word' id='word_1_224' title='bbox 1293 3271 1424 3327; x_wconf 86' lang='lat' dir='ltr'><strong>vetere</strong></span> <span class='ocrx_word' id='word_1_225' title='bbox 1453 3285 1558 3343; x_wconf 88' lang='lat' dir='ltr'><strong>osse,</strong></span> <span class='ocrx_word' id='word_1_226' title='bbox 1591 3273 1698 3329; x_wconf 84' lang='lat' dir='ltr'><strong>natura</strong></span> <span class='ocrx_word' id='word_1_227' title='bbox 1720 3257 1777 3330; x_wconf 79' lang='lat' dir='ltr'><strong>snh&#39;</strong></span> 
     </span>
     <span class='ocr_line' id='line_1_23' title="bbox 170 3371 1787 3471; baseline 0.001 -18"><span class='ocrx_word' id='word_1_228' title='bbox 170 3380 250 3453; x_wconf 78' lang='lat' dir='ltr'><strong>houd</strong></span> <span class='ocrx_word' id='word_1_229' title='bbox 272 3395 463 3466; x_wconf 82' lang='lat' dir='ltr'><strong>commutato,</strong></span> <span class='ocrx_word' id='word_1_230' title='bbox 487 3371 745 3464; x_wconf 77' lang='lat' dir='ltr'><strong>discernitur,</strong></span> <span class='ocrx_word' id='word_1_231' title='bbox 768 3405 892 3471; x_wconf 88' lang='lat' dir='ltr'><strong>neque</strong></span> <span class='ocrx_word' id='word_1_232' title='bbox 914 3406 1016 3465; x_wconf 89' lang='lat' dir='ltr'><strong>vero,</strong></span> <span class='ocrx_word' id='word_1_233' title='bbox 1037 3387 1069 3448; x_wconf 87' lang='lat' dir='ltr'><strong>id</strong></span> <span class='ocrx_word' id='word_1_234' title='bbox 1093 3383 1176 3471; x_wconf 82' lang='lat' dir='ltr'><strong>qrrod</strong></span> <span class='ocrx_word' id='word_1_235' title='bbox 1197 3387 1326 3450; x_wconf 78' lang='lat' dir='ltr'><strong>inveniri</strong></span> <span class='ocrx_word' id='word_1_236' title='bbox 1353 3397 1478 3452; x_wconf 80' lang='lat' dir='ltr'><strong>necesse</strong></span> <span class='ocrx_word' id='word_1_237' title='bbox 1501 3396 1603 3467; x_wconf 76' lang='lat' dir='ltr'><strong>esset,</strong></span> <span class='ocrx_word' id='word_1_238' title='bbox 1630 3388 1656 3454; x_wconf 84' lang='lat' dir='ltr'><strong>si</strong></span> <span class='ocrx_word' id='word_1_239' title='bbox 1679 3378 1787 3454; x_wconf 52' lang='lat' dir='ltr'><strong>inere?⁸</strong></span> 
     </span>
     <span class='ocr_line' id='line_1_24' title="bbox 170 3501 1774 3598; baseline -0.001 -21"><span class='ocrx_word' id='word_1_240' title='bbox 170 3501 388 3578; x_wconf 76' lang='lat' dir='ltr'><strong>mento&#39;ossis</strong></span> <span class='ocrx_word' id='word_1_241' title='bbox 422 3511 532 3574; x_wconf 81' lang='lat' dir='ltr'><strong>veteris</strong></span> <span class='ocrx_word' id='word_1_242' title='bbox 566 3515 633 3573; x_wconf 83' lang='lat' dir='ltr'><strong>orta</strong></span> <span class='ocrx_word' id='word_1_243' title='bbox 670 3517 764 3586; x_wconf 79' lang='lat' dir='ltr'><strong>esset,</strong></span> <span class='ocrx_word' id='word_1_244' title='bbox 805 3512 844 3573; x_wconf 89' lang='lat' dir='ltr'><strong>in</strong></span> <span class='ocrx_word' id='word_1_245' title='bbox 886 3521 997 3574; x_wconf 76' lang='lat' dir='ltr'><strong>retus</strong></span> <span class='ocrx_word' id='word_1_246' title='bbox 1032 3531 1074 3574; x_wconf 91' lang='lat' dir='ltr'><strong>os</strong></span> <span class='ocrx_word' id='word_1_247' title='bbox 1114 3511 1321 3592; x_wconf 75' lang='lat' dir='ltr'><strong>paullatim</strong></span> <span class='ocrx_word' id='word_1_248' title='bbox 1357 3512 1507 3577; x_wconf 77' lang='lat' dir='ltr'><strong>transit</strong></span> <span class='ocrx_word' id='word_1_249' title='bbox 1542 3513 1606 3598; x_wconf 82' lang='lat' dir='ltr'><strong>(Gi.</strong></span> <span class='ocrx_word' id='word_1_250' title='bbox 1641 3516 1699 3579; x_wconf 82' lang='lat' dir='ltr'><strong>tab.</strong></span> <span class='ocrx_word' id='word_1_251' title='bbox 1724 3514 1774 3576; x_wconf 92' lang='lat' dir='ltr'><strong>ill.</strong></span> 
     </span>
     <span class='ocr_line' id='line_1_25' title="bbox 169 3621 1774 3722; baseline -0.002 -22"><span class='ocrx_word' id='word_1_252' title='bbox 169 3641 218 3720; x_wconf 73' lang='lat' dir='ltr'><strong>fig.</strong></span> <span class='ocrx_word' id='word_1_253' title='bbox 244 3639 273 3713; x_wconf 90' lang='lat' dir='ltr'><strong>l,</strong></span> <span class='ocrx_word' id='word_1_254' title='bbox 295 3621 389 3722; x_wconf 57' lang='lat' dir='ltr'><strong>ee.)‡&#39;·</strong></span> <span class='ocrx_word' id='word_1_255' title='bbox 414 3635 586 3698; x_wconf 84' lang='lat' dir='ltr'><strong>lti&#39;·osslnm</strong></span> <span class='ocrx_word' id='word_1_256' title='bbox 608 3635 746 3696; x_wconf 75' lang='lat' dir='ltr'><strong>fracturis</strong></span> <span class='ocrx_word' id='word_1_257' title='bbox 769 3635 1005 3715; x_wconf 75' lang='lat' dir='ltr'><strong>suppurantrhns</strong></span> <span class='ocrx_word' id='word_1_258' title='bbox 1028 3633 1193 3715; x_wconf 80' lang='lat' dir='ltr'><strong>primordia</strong></span> <span class='ocrx_word' id='word_1_259' title='bbox 1227 3635 1297 3697; x_wconf 88' lang='lat' dir='ltr'><strong>calli</strong></span> <span class='ocrx_word' id='word_1_260' title='bbox 1331 3637 1445 3698; x_wconf 86' lang='lat' dir='ltr'><strong>externi</strong></span> <span class='ocrx_word' id='word_1_261' title='bbox 1475 3629 1514 3697; x_wconf 90' lang='lat' dir='ltr'><strong>iis</strong></span> <span class='ocrx_word' id='word_1_262' title='bbox 1549 3635 1653 3698; x_wconf 83' lang='lat' dir='ltr'><strong>saltein</strong></span> <span class='ocrx_word' id='word_1_263' title='bbox 1688 3635 1774 3715; x_wconf 81' lang='lat' dir='ltr'><strong>iocis,</strong></span> 
     </span>
     <span class='ocr_line' id='line_1_26' title="bbox 170 3753 1774 3846; baseline -0.002 -23"><span class='ocrx_word' id='word_1_264' title='bbox 170 3763 280 3846; x_wconf 80' lang='lat' dir='ltr'><strong>quibes</strong></span> <span class='ocrx_word' id='word_1_265' title='bbox 297 3761 484 3842; x_wconf 76' lang='lat' dir='ltr'><strong>&#39;periostenur</strong></span> <span class='ocrx_word' id='word_1_266' title='bbox 508 3775 575 3819; x_wconf 70' lang='lat' dir='ltr'><strong>en·</strong></span> <span class='ocrx_word' id='word_1_267' title='bbox 588 3757 758 3837; x_wconf 79' lang='lat' dir='ltr'><strong>superficie</strong></span> <span class='ocrx_word' id='word_1_268' title='bbox 782 3759 1016 3836; x_wconf 76' lang='lat' dir='ltr'><strong>fragmentorum</strong></span> <span class='ocrx_word' id='word_1_269' title='bbox 1029 3757 1125 3820; x_wconf 88' lang='lat' dir='ltr'><strong>adhuc</strong></span> <span class='ocrx_word' id='word_1_270' title='bbox 1138 3757 1285 3834; x_wconf 77' lang='lat' dir='ltr'><strong>cohaeret,</strong></span> <span class='ocrx_word' id='word_1_271' title='bbox 1309 3777 1345 3820; x_wconf 79' lang='lat' dir='ltr'><strong>ex</strong></span> <span class='ocrx_word' id='word_1_272' title='bbox 1366 3759 1487 3818; x_wconf 76' lang='lat' dir='ltr'><strong>materie</strong></span> <span class='ocrx_word' id='word_1_273' title='bbox 1500 3753 1774 3840; x_wconf 85' lang='lat' dir='ltr'><strong>oriuntur&#39;plastica</strong></span> 
     </span>
     <span class='ocr_line' id='line_1_27' title="bbox 168 3865 1773 3965; baseline -0.004 -16"><span class='ocrx_word' id='word_1_274' title='bbox 168 3889 247 3950; x_wconf 79' lang='lat' dir='ltr'><strong>inter</strong></span> <span class='ocrx_word' id='word_1_275' title='bbox 268 3905 303 3948; x_wconf 86' lang='lat' dir='ltr'><strong>os</strong></span> <span class='ocrx_word' id='word_1_276' title='bbox 325 3893 357 3947; x_wconf 83' lang='lat' dir='ltr'><strong>et</strong></span> <span class='ocrx_word' id='word_1_277' title='bbox 387 3865 570 3965; x_wconf 77' lang='lat' dir='ltr'><strong>petiostetnn</strong></span> <span class='ocrx_word' id='word_1_278' title='bbox 600 3880 752 3955; x_wconf 78' lang='lat' dir='ltr'><strong>exsudata,</strong></span> <span class='ocrx_word' id='word_1_279' title='bbox 787 3879 912 3958; x_wconf 83' lang='lat' dir='ltr'><strong>perinde</strong></span> <span class='ocrx_word' id='word_1_280' title='bbox 934 3899 970 3940; x_wconf 87' lang='lat' dir='ltr'><strong>ac</strong></span> <span class='ocrx_word' id='word_1_281' title='bbox 993 3898 1085 3959; x_wconf 81' lang='lat' dir='ltr'><strong>supra</strong></span> <span class='ocrx_word' id='word_1_282' title='bbox 1106 3879 1137 3939; x_wconf 88' lang='lat' dir='ltr'><strong>in</strong></span> <span class='ocrx_word' id='word_1_283' title='bbox 1161 3879 1300 3942; x_wconf 83' lang='lat' dir='ltr'><strong>tractaris</strong></span> <span class='ocrx_word' id='word_1_284' title='bbox 1324 3879 1508 3959; x_wconf 87' lang='lat' dir='ltr'><strong>simplicibus</strong></span> <span class='ocrx_word' id='word_1_285' title='bbox 1532 3879 1596 3942; x_wconf 86' lang='lat' dir='ltr'><strong>lieri</strong></span> <span class='ocrx_word' id='word_1_286' title='bbox 1627 3875 1773 3956; x_wconf 57' lang='lat' dir='ltr'><strong>vidimus}</strong></span> 
     </span>
     <span class='ocr_line' id='line_1_28' title="bbox 169 4000 1774 4090; baseline -0.002 -17"><span class='ocrx_word' id='word_1_287' title='bbox 169 4011 295 4074; x_wconf 81' lang='lat' dir='ltr'><strong>simulac</strong></span> <span class='ocrx_word' id='word_1_288' title='bbox 315 4027 390 4072; x_wconf 80' lang='lat' dir='ltr'><strong>vero</strong></span> <span class='ocrx_word' id='word_1_289' title='bbox 412 4008 460 4069; x_wconf 80' lang='lat' dir='ltr'><strong>lale</strong></span> <span class='ocrx_word' id='word_1_290' title='bbox 483 4005 577 4068; x_wconf 80' lang='lat' dir='ltr'><strong>celius</strong></span> <span class='ocrx_word' id='word_1_291' title='bbox 599 4020 692 4084; x_wconf 88' lang='lat' dir='ltr'><strong>super</strong></span> <span class='ocrx_word' id='word_1_292' title='bbox 713 4009 815 4084; x_wconf 82' lang='lat' dir='ltr'><strong>partes</strong></span> <span class='ocrx_word' id='word_1_293' title='bbox 836 4004 1072 4083; x_wconf 78' lang='lat' dir='ltr'><strong>fragmentorum</strong></span> <span class='ocrx_word' id='word_1_294' title='bbox 1095 4018 1113 4063; x_wconf 86' lang='lat' dir='ltr'><strong>a</strong></span> <span class='ocrx_word' id='word_1_295' title='bbox 1142 4001 1295 4083; x_wconf 85' lang='lat' dir='ltr'><strong>periosteo</strong></span> <span class='ocrx_word' id='word_1_296' title='bbox 1319 4000 1485 4068; x_wconf 82' lang='lat' dir='ltr'><strong>denudatas</strong></span> <span class='ocrx_word' id='word_1_297' title='bbox 1505 4005 1661 4085; x_wconf 81' lang='lat' dir='ltr'><strong>processit,</strong></span> <span class='ocrx_word' id='word_1_298' title='bbox 1685 4014 1774 4090; x_wconf 88' lang='lat' dir='ltr'><strong>atque</strong></span> 
     </span>
     <span class='ocr_line' id='line_1_29' title="bbox 169 4110 1781 4215; baseline -0.002 -19"><span class='ocrx_word' id='word_1_299' title='bbox 169 4135 201 4196; x_wconf 93' lang='lat' dir='ltr'><strong>in</strong></span> <span class='ocrx_word' id='word_1_300' title='bbox 223 4134 375 4215; x_wconf 75' lang='lat' dir='ltr'><strong>capsulam</strong></span> <span class='ocrx_word' id='word_1_301' title='bbox 399 4150 417 4192; x_wconf 77' lang='lat' dir='ltr'>a</span> <span class='ocrx_word' id='word_1_302' title='bbox 439 4130 574 4212; x_wconf 83' lang='lat' dir='ltr'><strong>partibas</strong></span> <span class='ocrx_word' id='word_1_303' title='bbox 596 4127 739 4190; x_wconf 83' lang='lat' dir='ltr'><strong>mollibus</strong></span> <span class='ocrx_word' id='word_1_304' title='bbox 763 4127 907 4201; x_wconf 77' lang='lat' dir='ltr'><strong>effectam,</strong></span> <span class='ocrx_word' id='word_1_305' title='bbox 930 4143 1007 4209; x_wconf 87' lang='lat' dir='ltr'><strong>qnae</strong></span> <span class='ocrx_word' id='word_1_306' title='bbox 1029 4125 1207 4210; x_wconf 85' lang='lat' dir='ltr'><strong>plerumque</strong></span> <span class='ocrx_word' id='word_1_307' title='bbox 1227 4131 1367 4210; x_wconf 77' lang='lat' dir='ltr'><strong>tanquam</strong></span> <span class='ocrx_word' id='word_1_308' title='bbox 1386 4129 1472 4190; x_wconf 87' lang='lat' dir='ltr'><strong>iocus</strong></span> <span class='ocrx_word' id='word_1_309' title='bbox 1485 4110 1781 4209; x_wconf 76' lang='lat' dir='ltr'><strong>estsuppurationis‚¹</strong></span> 
     </span>
     <span class='ocr_line' id='line_1_30' title="bbox 169 4247 1776 4336; baseline -0.004 -14"><span class='ocrx_word' id='word_1_310' title='bbox 169 4259 324 4321; x_wconf 76' lang='lat' dir='ltr'><strong>imminete</strong></span> <span class='ocrx_word' id='word_1_311' title='bbox 345 4255 453 4336; x_wconf 87' lang='lat' dir='ltr'><strong>eoepit,</strong></span> <span class='ocrx_word' id='word_1_312' title='bbox 476 4256 544 4334; x_wconf 76' lang='lat' dir='ltr'><strong>ejus</strong></span> <span class='ocrx_word' id='word_1_313' title='bbox 566 4251 749 4334; x_wconf 80' lang='lat' dir='ltr'><strong>superficies,</strong></span> <span class='ocrx_word' id='word_1_314' title='bbox 772 4270 848 4314; x_wconf 77' lang='lat' dir='ltr'><strong>eave</strong></span> <span class='ocrx_word' id='word_1_315' title='bbox 871 4251 1008 4328; x_wconf 78' lang='lat' dir='ltr'><strong>obversa,</strong></span> <span class='ocrx_word' id='word_1_316' title='bbox 1031 4269 1107 4331; x_wconf 89' lang='lat' dir='ltr'><strong>pure</strong></span> <span class='ocrx_word' id='word_1_317' title='bbox 1131 4247 1262 4314; x_wconf 78' lang='lat' dir='ltr'><strong>obducta</strong></span> <span class='ocrx_word' id='word_1_318' title='bbox 1284 4257 1373 4333; x_wconf 82' lang='lat' dir='ltr'><strong>atque</strong></span> <span class='ocrx_word' id='word_1_319' title='bbox 1388 4250 1654 4332; x_wconf 80' lang='lat' dir='ltr'><strong>&#39;granulationibus</strong></span> <span class='ocrx_word' id='word_1_320' title='bbox 1678 4253 1776 4316; x_wconf 89' lang='lat' dir='ltr'><strong>obsita</strong></span> 
     </span>
     <span class='ocr_line' id='line_1_31' title="bbox 170 4373 1774 4466; baseline -0.004 -20"><span class='ocrx_word' id='word_1_321' title='bbox 170 4389 303 4466; x_wconf 83' lang='lat' dir='ltr'><strong>apparet,</strong></span> <span class='ocrx_word' id='word_1_322' title='bbox 326 4381 433 4464; x_wconf 85' lang='lat' dir='ltr'><strong>quibus</strong></span> <span class='ocrx_word' id='word_1_323' title='bbox 456 4386 486 4439; x_wconf 93' lang='lat' dir='ltr'><strong>et</strong></span> <span class='ocrx_word' id='word_1_324' title='bbox 508 4379 581 4458; x_wconf 87' lang='lat' dir='ltr'><strong>ipsis</strong></span> <span class='ocrx_word' id='word_1_325' title='bbox 604 4377 635 4438; x_wconf 92' lang='lat' dir='ltr'><strong>in</strong></span> <span class='ocrx_word' id='word_1_326' title='bbox 658 4375 767 4438; x_wconf 79' lang='lat' dir='ltr'><strong>cellum</strong></span> <span class='ocrx_word' id='word_1_327' title='bbox 792 4375 968 4436; x_wconf 79' lang='lat' dir='ltr'><strong>abeuntibus</strong></span> <span class='ocrx_word' id='word_1_328' title='bbox 998 4374 1085 4455; x_wconf 88' lang='lat' dir='ltr'><strong>prior</strong></span> <span class='ocrx_word' id='word_1_329' title='bbox 1106 4373 1159 4436; x_wconf 91' lang='lat' dir='ltr'><strong>ille</strong></span> <span class='ocrx_word' id='word_1_330' title='bbox 1181 4374 1277 4436; x_wconf 79' lang='lat' dir='ltr'><strong>callus</strong></span> <span class='ocrx_word' id='word_1_331' title='bbox 1300 4375 1411 4436; x_wconf 84' lang='lat' dir='ltr'><strong>ambitu</strong></span> <span class='ocrx_word' id='word_1_332' title='bbox 1434 4375 1558 4451; x_wconf 77' lang='lat' dir='ltr'><strong>erescit3</strong></span> <span class='ocrx_word' id='word_1_333' title='bbox 1581 4395 1679 4460; x_wconf 82' lang='lat' dir='ltr'><strong>neque</strong></span> <span class='ocrx_word' id='word_1_334' title='bbox 1699 4397 1774 4440; x_wconf 76' lang='lat' dir='ltr'><strong>vero</strong></span> 
     </span>
     <span class='ocr_line' id='line_1_32' title="bbox 170 4497 1774 4586; baseline -0.006 -15"><span class='ocrx_word' id='word_1_335' title='bbox 170 4504 337 4570; x_wconf 76' lang='lat' dir='ltr'><strong>differentia</strong></span> <span class='ocrx_word' id='word_1_336' title='bbox 359 4504 436 4564; x_wconf 88' lang='lat' dir='ltr'><strong>inter</strong></span> <span class='ocrx_word' id='word_1_337' title='bbox 457 4507 616 4586; x_wconf 88' lang='lat' dir='ltr'><strong>utrumque</strong></span> <span class='ocrx_word' id='word_1_338' title='bbox 639 4499 872 4582; x_wconf 71' lang='lat' dir='ltr'><strong>deprehenditur</strong></span> <span class='ocrx_word' id='word_1_339' title='bbox 893 4497 965 4579; x_wconf 85' lang='lat' dir='ltr'><strong>ulla,</strong></span> <span class='ocrx_word' id='word_1_340' title='bbox 988 4516 1086 4579; x_wconf 88' lang='lat' dir='ltr'><strong>neque</strong></span> <span class='ocrx_word' id='word_1_341' title='bbox 1098 4497 1247 4580; x_wconf 85' lang='lat' dir='ltr'><strong>reperitur</strong></span> <span class='ocrx_word' id='word_1_342' title='bbox 1257 4497 1429 4580; x_wconf 80' lang='lat' dir='ltr'><strong>quidquam,</strong></span> <span class='ocrx_word' id='word_1_343' title='bbox 1450 4499 1531 4565; x_wconf 85' lang='lat' dir='ltr'><strong>uude</strong></span> <span class='ocrx_word' id='word_1_344' title='bbox 1549 4499 1635 4580; x_wconf 74' lang='lat' dir='ltr'><strong>limes</strong></span> <span class='ocrx_word' id='word_1_345' title='bbox 1658 4501 1774 4583; x_wconf 90' lang='lat' dir='ltr'><strong>aliquis,</strong></span> 
     </span>
     <span class='ocr_line' id='line_1_33' title="bbox 168 4590 1774 4715; baseline -0.005 -23"><span class='ocrx_word' id='word_1_346' title='bbox 168 4651 230 4715; x_wconf 87' lang='lat' dir='ltr'><strong>qno</strong></span> <span class='ocrx_word' id='word_1_347' title='bbox 254 4627 348 4689; x_wconf 80' lang='lat' dir='ltr'><strong>altere</strong></span> <span class='ocrx_word' id='word_1_348' title='bbox 370 4611 439 4687; x_wconf 77' lang='lat' dir='ltr'><strong>celii</strong></span> <span class='ocrx_word' id='word_1_349' title='bbox 462 4624 602 4685; x_wconf 86' lang='lat' dir='ltr'><strong>iorrnatio</strong></span> <span class='ocrx_word' id='word_1_350' title='bbox 625 4623 656 4684; x_wconf 92' lang='lat' dir='ltr'><strong>in</strong></span> <span class='ocrx_word' id='word_1_351' title='bbox 680 4590 803 4686; x_wconf 77' lang='lat' dir='ltr'><strong>niteram</strong></span> <span class='ocrx_word' id='word_1_352' title='bbox 825 4621 1001 4698; x_wconf 74' lang='lat' dir='ltr'><strong>transierit,</strong></span> <span class='ocrx_word' id='word_1_353' title='bbox 1022 4620 1139 4684; x_wconf 77' lang='lat' dir='ltr'><strong>detitu&#39;ri</strong></span> <span class='ocrx_word' id='word_1_354' title='bbox 1155 4620 1268 4701; x_wconf 80' lang='lat' dir='ltr'><strong>possit.</strong></span> <span class='ocrx_word' id='word_1_355' title='bbox 1301 4623 1423 4706; x_wconf 78' lang='lat' dir='ltr'><strong>ltaque</strong></span> <span class='ocrx_word' id='word_1_356' title='bbox 1453 4623 1503 4686; x_wconf 82' lang='lat' dir='ltr'><strong>hie</strong></span> <span class='ocrx_word' id='word_1_357' title='bbox 1526 4625 1774 4704; x_wconf 83' lang='lat' dir='ltr'><strong>suppurationem</strong></span> 
     </span>
    </p>
   </div>
   <div class='ocr_carea' id='block_1_4' title="bbox 171 4799 492 4822">
    <p class='ocr_par' dir='ltr' id='par_1_6' title="bbox 171 4799 492 4822">
     <span class='ocr_line' id='line_1_34' title="bbox 171 4799 492 4822; baseline 0 -10"><span class='ocrx_word' id='word_1_358' title='bbox 171 4799 492 4822; x_wconf 48' lang='grc' dir='ltr'><strong><em>μ</em></strong></span> 
     </span>
    </p>
   </div>
   <div class='ocr_carea' id='block_1_5' title="bbox 332 4923 954 5085">
    <p class='ocr_par' dir='ltr' id='par_1_7' title="bbox 332 4923 954 5085">
     <span class='ocr_line' id='line_1_35' title="bbox 333 4923 690 4993; baseline -0.003 -15"><span class='ocrx_word' id='word_1_359' title='bbox 333 4927 372 4993; x_wconf 84' lang='lat' dir='ltr'><strong>(i)</strong></span> <span class='ocrx_word' id='word_1_360' title='bbox 393 4927 501 4988; x_wconf 78' lang='lat' dir='ltr'><strong>Pauli,</strong></span> <span class='ocrx_word' id='word_1_361' title='bbox 521 4927 540 4978; x_wconf 90' lang='grc'><strong>1.</strong></span> <span class='ocrx_word' id='word_1_362' title='bbox 558 4941 582 4974; x_wconf 80' lang='lat' dir='ltr'><strong>c.</strong></span> <span class='ocrx_word' id='word_1_363' title='bbox 601 4943 626 4990; x_wconf 85' lang='lat' dir='ltr'><strong>p.</strong></span> <span class='ocrx_word' id='word_1_364' title='bbox 646 4923 690 4977; x_wconf 72' lang='grc'><strong>64.</strong></span> 
     </span>
     <span class='ocr_line' id='line_1_36' title="bbox 332 4998 954 5085; baseline -0.01 -18"><span class='ocrx_word' id='word_1_365' title='bbox 332 5017 372 5085; x_wconf 73' lang='lat'><strong>(2)</strong></span> <span class='ocrx_word' id='word_1_366' title='bbox 393 5017 525 5076; x_wconf 77' lang='lat' dir='ltr'><strong>liic-hat,</strong></span> <span class='ocrx_word' id='word_1_367' title='bbox 544 5015 564 5063; x_wconf 91' lang='lat' dir='ltr'><strong>l.</strong></span> <span class='ocrx_word' id='word_1_368' title='bbox 583 5029 607 5070; x_wconf 80' lang='lat' dir='ltr'><strong>c,</strong></span> <span class='ocrx_word' id='word_1_369' title='bbox 627 5023 689 5066; x_wconf 86' lang='lat' dir='ltr'><strong>tom.</strong></span> <span class='ocrx_word' id='word_1_370' title='bbox 710 5014 730 5076; x_wconf 90' lang='lat'><strong>1,</strong></span> <span class='ocrx_word' id='word_1_371' title='bbox 751 5029 777 5076; x_wconf 86' lang='lat' dir='ltr'><strong>p.</strong></span> <span class='ocrx_word' id='word_1_372' title='bbox 798 5013 858 5066; x_wconf 73' lang='lat'><strong>12⁶.</strong></span> <span class='ocrx_word' id='word_1_373' title='bbox 950 4998 954 5014; x_wconf 69' lang='lat'>⁸</span> 
     </span>
    </p>
   </div>
   <div class='ocr_carea' id='block_1_6' title="bbox 0 0 2401 5892">
    <p class='ocr_par' dir='ltr' id='par_1_8' title="bbox 0 0 2401 5892">
     <span class='ocr_line' id='line_1_37' title="bbox 0 0 2401 5892; baseline 0 0"><span class='ocrx_word' id='word_1_374' title='bbox 0 0 2401 5892; x_wconf 95' lang='lat' dir='ltr'><strong> </strong></span> 
     </span>
    </p>
   </div>
  </div>
 </body>
</html>
