4856 5896
968 2348 1084 2412 Sacmo
1105 2350 1131 2411 1s

579 2485 942 2569 CONSFEGTUS
969 2490 1278 2568 moltonnum
1306 2491 1525 2570 OSSIUM.

241 2663 374 2784 Multo
395 2721 495 2782 minus
517 2737 603 2796 ossa,
624 2737 719 2802 mam
738 2719 798 2780 alia
820 2726 996 2798 systemata,
1023 2717 1137 2781 morbis
1162 2720 1385 2784 universalibus
1413 2723 1508 2784 acutis
1536 2723 1585 2785 vel
1613 2724 1727 2788 morbis
1751 2741 1843 2804 orga-

239 2863 352 2909 norum
374 2843 414 2904 ad
434 2842 526 2904 vitam
547 2842 729 2922 graviorum,
752 2841 884 2920 contingi
907 2841 1016 2904 solent.
1062 2842 1183 2924 Quippe
1204 2849 1325 2922 praeter
1344 2842 1538 2906 nutritionem
1560 2845 1646 2907 nulla
1667 2847 1728 2907 alia
1750 2847 1781 2908 iu
1794 2866 1847 2910 os·

241 2971 325 3034 sibus
348 2972 495 3048 apparent
515 2965 595 3028 vitae
618 2964 841 3046 phaenomena,
869 2965 977 3048 quibus
1006 2965 1071 3028 tien'
1098 2964 1208 3046 possit,
1236 2971 1271 3026 nt
1296 2964 1469 3028 sabtiliores
1498 2968 1647 3049 quaedam
1678 2975 1847 3031 structurae

242 3090 491 3158 commutationes
511 3088 561 3150 vel
584 3088 714 3150 alienata
735 3095 873 3151 motuum
896 3089 1029 3164 ratione,
1051 3095 1085 3150 ut
1107 3088 1137 3149 in
1160 3095 1320 3167 systemate
1342 3089 1565 3167 musculomm,
1596 3090 1645 3153 vel
1668 3109 1688 3152 a
1708 3093 1846 3154 sensorio

242 3215 393 3282 communi
415 3213 634 3294 percipiantur,
662 3220 696 3274 ut
724 3211 755 3273 in
784 3210 907 3292 organis
934 3229 1043 3291 magna
1069 3229 1233 3275 nervorum
1262 3213 1293 3274 vi
1314 3213 1473 3294 praeditis3
1503 3214 1584 3276 unde
1606 3221 1715 3296 sponte
1738 3215 1847 3293 elucet,

242 3361 298 3404 cur
318 3343 348 3402 iu
370 3337 484 3400 morbis
507 3336 617 3413 aoufis,
644 3336 695 3418 qui
723 3341 820 3397 totum
852 3333 1000 3415 reliquum
1023 3345 1135 3415 corpas
1157 3351 1239 3397 nexu
1261 3335 1395 3418 quodem
1417 3337 1604 3417 sympathico
1627 3339 1777 3419 affligunt,
1805 3359 1845 3402 uc

239 3464 397 3545 vosagium
419 3460 540 3544 quidem
562 3457 727 3522 affectionis
751 3459 867 3521 ossium
888 3457 1052 3518 morbosae
1074 3465 1234 3538 apparent,
1256 3465 1346 3542 atque
1367 3460 1400 3521 in
1423 3461 1556 3536 febribus
1579 3468 1609 3523 et
1630 3439 1842 3524 inflammatio-

238 3589 328 3653 m'bns
348 3582 615 3650 vehementissimis
636 3582 794 3664 ipsumque
816 3587 948 3660 systema
969 3581 1170 3662 vegetativum
1191 3583 1235 3642 ite
1257 3584 1498 3664 corripientibus,
1521 3593 1555 3646 ut
1576 3585 1704 3665 digestio
1717 3555 1860 3663 turbata,-

240 3711 400 3798 sangninis
413 3709 519 3770 mixtio
542 3713 723 3769 commutata
745 3706 791 3781 sit,
813 3705 997 3767 sacrationes
1021 3705 1149 3785 deniqne
1170 3713 1202 3766 et
1224 3707 1412 3770 exorationes
1435 3727 1454 3767 a
1475 3727 1583 3768 norma
1605 3709 1761 3784 recedant,
1789 3729 1841 3788 sy.

239 3845 334 3902 stema
356 3843 454 3897 tamen
477 3831 591 3894 ossiu'm
613 3829 665 3891 vix
688 3827 798 3890 talibus
821 3827 935 3889 morbis
958 3827 1157 3906 contingatur.
1204 3827 1344 3888 Attamen
1367 3829 1496 3889 dubitari
1519 3829 1634 3910 nequit,
1663 3831 1735 3910 quin
1758 3837 1788 3892 et
1809 3831 1840 3894 iu

228 3963 311 4046 ¹ipsis
333 3957 505 4024 subtiliores
528 3953 675 4038 quaeriam
698 3957 865 4014 stnrcturae
887 3950 963 4012 tiuut
985 3949 1241 4026 commutationes,
1265 3969 1458 4032 quamquam,
1490 3959 1525 4012 ut
1548 3952 1579 4012 in
1601 3951 1669 4015 aiiis
1696 3951 1841 4035 partina,

237 4087 486 4164 inconspectum
509 4097 571 4141 non
592 4076 761 4164 remantem
785 4081 876 4157 atque
897 4073 1055 4150 immerito,
1078 4074 1121 4136 nti
1143 4093 1236 4154 supra
1253 4075 1319 4154 jam
1341 4074 1620 4152 demonstravimus,
1644 4077 1682 4138 de
1704 4077 1767 4140 vita
1789 4097 1839 4142 os-

238 4189 316 4274 sium
336 4207 419 4270 haud
439 4211 546 4284 vegeta
568 4201 639 4263 inde
662 4198 839 4261 conclusum
861 4205 917 4260 est.
962 4197 1058 4258 Nulla
1078 4198 1217 4278 proiecto
1240 4205 1287 4260 est
1307 4199 1376 4274 tola
1399 4199 1430 4260 in
1454 4219 1513 4280 qua
1531 4207 1591 4260 tam
1603 4200 1839 4281 conspicuasiut

237 4329 477 4400 inflammationis
497 4327 637 4407 vitaeque
660 4323 803 4405 plasticae
825 4323 1043 4402 phaenomena,
1065 4325 1095 4384 et
1118 4339 1195 4404 quae
1218 4322 1259 4382 ita
1280 4341 1407 4404 prorsus
1429 4322 1514 4384 refici
1535 4341 1573 4383 ac
1583 4323 1755 4404 regenerari
1765 4343 1838 4405 pos·

237 4463 334 4525 sitae
355 4455 416 4518 tela
438 4469 534 4514 ossea.
580 4448 687 4530 Neque
710 4467 784 4510 vero
807 4445 910 4526 negari
932 4451 1046 4527 potest,
1076 4444 1147 4526 quin
1170 4444 1253 4506 lento
1276 4444 1411 4526 quodam
1430 4445 1527 4524 gradu
1556 4447 1675 4526 singula
1703 4448 1836 4527 phaeno-

236 4603 327 4650 mena
347 4576 499 4648 incedant;
523 4581 614 4655 atque
636 4577 699 4633 tum
721 4569 778 4632 hae
799 4567 831 4632 in
853 4588 896 4646 re,
918 4575 981 4632 tum
1003 4567 1034 4630 in
1057 4586 1104 4644 eo,
1126 4567 1209 4650 quod
1231 4568 1386 4647 graviores
1410 4574 1524 4637 tantmn
1546 4570 1836 4632 stmcturaeimmu-

235 4708 365 4774 tationes
375 4697 473 4764 oculis
487 4693 856 4776 cognosmnmrpositem
869 4711 937 4756 esse
948 4691 1074 4766 udatur,
1082 4689 1273 4773 quodmorhi
1280 4693 1566 4770 tautum-inveterati,
1572 4700 1661 4776 atepre
1678 4713 1746 4755 cum
1755 4691 1835 4754 mala

235 4837 395 4899 umorum
408 4821 551 4887 mixtione
560 4816 665 4898 juncti,
673 4815 725 4898 qui
737 4816 768 4878 in
780 4815 958 4896 dysorasias,
966 4835 1041 4898 quas
1055 4811 1166 4890 dicum
1180 4815 1336 4896 specificas
1350 4816 1534 4892 abiemntin
1547 4810 1708 4896 systemate
1721 4815 1835 4878 ossimn
1896 4807 1902 4818 ⁸

237 4977 305 5024 sess
325 4951 524 5022 manifestant,
546 4941 724 5023 similesque,
747 4946 836 5021 atque
858 4939 888 5000 iu
911 4939 1046 5022 partibus
1069 4907 1219 5016 naoilibus,
1243 4939 1376 5002 efficiunt
1396 4945 1563 5004 structurae
1575 4938 1833 5002 commutationes.
