4856 5896
1013 574 1059 649 ll

233 789 409 877 apipbyaea,
448 785 532 854 inie'o
571 785 665 854 laevis
699 786 748 852 vel
775 803 883 870 parurn
912 785 1054 852 sulcatus.
1107 787 1163 852 Die
1192 788 1308 854 decimo
1337 799 1446 874 quarto
1473 792 1595 858 lamella
1623 795 1675 860 illa
1704 817 1839 862 censeam

234 913 391 994 clauditur,
414 935 492 999 quae
514 915 652 997 utrinque
675 931 787 994 corpus
809 909 887 976 ossis
911 909 1058 976 terminat.
1102 913 1137 976 ln
1160 913 1264 978 avibus
1295 913 1394 980 media
1415 936 1487 998 pars
1510 917 1623 982 canalis
1652 919 1746 984 laeuis
1777 943 1838 985 rna-

228 1051 299 1120 ,mit
327 1060 434 1104 versus
457 1038 612 1121 epipbysin
635 1057 710 1100 vero
731 1037 842 1100 sensim
866 1056 904 1098 ex
926 1045 991 1102 toto
1013 1038 1093 1100 ossis
1121 1039 1233 1100 ambitu
1261 1037 1400 1104 lamellae
1429 1041 1603 1122 prosiliunt,
1633 1064 1711 1127 quae
1741 1045 1837 1110 disce-

226 1170 339 1246 dentes
360 1173 451 1247 atque
473 1163 550 1226 inter
572 1182 605 1226 se
628 1165 771 1226 coeuntes
795 1160 932 1224 alveolos
955 1160 1138 1224 substantiae
1160 1163 1343 1242 spongiosae
1365 1165 1549 1244 contingamt.
1596 1167 1688 1244 Vasa,
1710 1171 1837 1250 quaein

234 1291 339 1354 tubum
360 1287 556 1350 medullarem
578 1293 744 1368 penetrant,
767 1285 827 1348 tela
849 1284 997 1348 cellulosn
1019 1285 1111 1348 rubra
1133 1287 1277 1350 coratinuo
1300 1286 1509 1360 innobentur,
1533 1291 1660 1372 primurn
1684 1294 1758 1356 laaec
1781 1294 1840 1355 tela

234 1413 386 1478 medullae
409 1419 455 1474 eat
478 1411 643 1490 vesn'ginm.

394 1535 554 1618 Epipbysis
573 1537 639 1614 jann
660 1533 730 1596 inde
752 1554 772 1598 a
794 1530 842 1596 die
864 1541 966 1610 sexto,
995 1553 1056 1616 qno
1084 1531 1214 1615 primurn
1242 1553 1278 1598 os
1308 1535 1405 1616 detegi
1436 1545 1548 1617 potest,
1578 1538 1668 1618 plena
1698 1541 1783 1603 adest
1811 1551 1839 1605 et

235 1661 455 1744 etcgmmsime
475 1661 618 1736 formata,
641 1675 697 1720 nec
719 1657 784 1721 ullo
806 1657 900 1720 limite
922 1678 940 1718 a
962 1657 1080 1740 reliquo
1104 1679 1174 1722 osse
1198 1659 1418 1738 distinguenda,
1448 1668 1575 1742 excepta
1598 1661 1752 1744 aliquanto
1776 1685 1838 1726 ma-

231 1791 301 1866 jore
323 1783 483 1861 flexilitate,
505 1782 556 1846 ubi
579 1801 649 1844 cnm
670 1782 749 1844 ossis
772 1801 902 1862 corpore
924 1781 1127 1845 committitur.
1173 1783 1261 1843 Circa
1290 1783 1369 1844 diem
1399 1783 1548 1846 decimum
1579 1787 1737 1866 septimum
1767 1809 1839 1850 vasa

235 1920 315 1974 reeta
337 1907 442 1972 c‘rculi
465 1905 514 1970 vel
537 1905 747 1988 hemisphaerii
768 1905 920 1968 vasculosi
951 1913 1080 1968 crustam
1104 1905 1339 1985 cartilaginem,
1370 1926 1431 1990 qna
1460 1927 1531 1988 pars
1561 1909 1711 1972 ossiiicata
1739 1914 1839 1972 termi-

233 2042 337 2108 natur,
364 2033 531 2115 perforant,
560 2030 703 2092 librosam
731 2029 760 2092 ei
782 2029 910 2092 iuduunt
938 2029 1070 2108 speciem
1100 2037 1130 2090 et
1158 2037 1315 2109 penetrant
1344 2031 1375 2092 in
1405 2031 1578 2112 epipbysin,
1613 2033 1643 2094 in
1671 2053 1761 2116 quarn
1790 2036 1840 2096 ubi

236 2176 399 2240 pervenere
422 2172 523 2218 ramos
545 2153 647 2230 ederat,
670 2167 799 2235 quornm
820 2151 975 2232 praecipui
998 2171 1036 2214 ex
1057 2152 1161 2214 intima
1184 2151 1357 2232 cartilagine
1380 2173 1486 2216 versus
1509 2155 1697 2234 superficiem
1729 2169 1839 2218 exeunt

236 2293 356 2345 etcum
380 2280 445 2342 aliis
467 2279 548 2340 uasis
570 2261 750 2356 epipbyseo's
773 2282 971 2346 concurrunta
1001 2274 1093 2337 rubro
1117 2275 1262 2354 sanguine
1284 2273 1374 2354 plena
1396 2285 1481 2350 sunt,
1513 2285 1672 2358 antequam
1703 2299 1740 2340 ex
1770 2301 1839 2342 csse

237 2406 387 2488 prodeunt
431 2401 582 2484 pellucida
610 2397 788 2481 plerumque
816 2399 848 2460 in
878 2397 1023 2478 epipbysi.
1075 2397 1133 2460 Die
1160 2397 1292 2478 priunum
1312 2397 1416 2460 XXII.
1439 2397 1472 2460 in
1499 2399 1596 2460 acedia
1620 2401 1755 2482 epiplrysi
1786 2423 1840 2464 vae

237 2529 368 2593 centrale
390 2525 500 2602 nuclei,
521 2524 593 2590 satis
615 2511 764 2602 magnum,
779 2522 868 2605 quod
891 2521 971 2584 subit
992 2522 1023 2582 in
1046 2519 1183 2584 alveolos
1205 2520 1337 2584 laxiores
1359 2527 1464 2584 centro
1487 2523 1661 2602 propiores,
1694 2533 1783 2606 atque
1805 2526 1835 2586 in

237 2655 348 2718 ambitu
371 2650 470 2716 nnclei
493 2667 565 2713 arca
585 2646 752 2710 vascularis
774 2645 966 2726 conspicitur.

397 2773 452 2836 itis
475 2769 622 2832 adductus
645 2769 855 2849 experimentis
877 2767 1012 2829 llaller
1031 2768 1081 2844 (l)
1105 2767 1316 2830 ossificationis
1340 2787 1417 2848 opus
1440 2770 1616 2832 arteriarum
1639 2772 1740 2834 tribuit
1763 2773 1836 2834 dilu-

233 2863 352 2976 tationi,
374 2914 435 2978 qua
456 2893 527 2958 illae
549 2891 673 2956 rubrum
694 2909 776 2954 nunc
799 2863 954 2954 admittant
976 2888 1150 2968 sanguinem
1174 2895 1203 2950 et
1225 2887 1388 2969 particulas
1411 2892 1584 2966 crassiores,
1607 2901 1720 2956 terrens
1743 2898 1836 2975 potis-

237 3027 355 3096 simum,
379 3017 541 3089 advehant;
564 3015 740 3078 arteriarum
762 3013 922 3076 micationc
944 3011 1098 3074 sulcomm
1119 3010 1253 3072 indanari
1268 3011 1446 3106 intervalla,
1475 3021 1505 3073 et
1527 3014 1567 3076 ob
1590 3035 1720 3091 moram,
1749 3039 1839 3100 quarn

238 3149 294 3212 stab
317 3149 407 3208 iiraem
429 3139 628 3204 incubationis
651 3138 689 3200 ab
712 3136 849 3219 epipbysi
871 3135 1030 3216 patiantur,
1053 3134 1147 3213 magis
1170 3133 1238 3196 illas
1261 3133 1300 3196 ad
1322 3133 1417 3199 latera
1440 3133 1576 3211 distendi,
1599 3137 1733 3214 dilatari,
1756 3140 1839 3201 lann-

239 3291 294 3336 nas
315 3287 420 3334 osseas
441 3286 460 3329 a
483 3263 641 3346 superficie
663 3262 694 3324 in
716 3261 820 3324 tubum
843 3258 1040 3322 medullarem
1063 3255 1188 3338 depelli,
1212 3257 1264 3320 tali
1286 3258 1403 3322 ratione
1425 3266 1596 3322 contextum
1620 3261 1683 3322 lieri
1707 3261 1839 3324 alveola-

239 3415 311 3463 rem,
333 3390 520 3458 cellulcsum.

399 3518 545 3595 Scarpa
566 3509 620 3592 (2)
644 3510 749 3572 iterata
771 3508 822 3570 oui
844 3506 976 3570 incubati
998 3505 1197 3588 inquisitione,
1220 3505 1413 3582 omniafere,
1436 3525 1513 3588 qnae
1536 3508 1573 3568 ab
1598 3507 1761 3573 llallero
1785 3514 1839 3575 ob-

238 3651 356 3708 servata
378 3647 471 3712 erant,
493 3633 717 3716 comprobavite
740 3649 839 3714 neque
860 3649 934 3692 varo
957 3629 1084 3692 laminas
1107 3637 1137 3691 et
1159 3629 1249 3692 fibras
1272 3627 1505 3708 longitudinales
1528 3630 1755 3710 deprehendere
1773 3645 1839 3714 pot-

241 3769 294 3844 uit,
317 3763 370 3827 sed
392 3781 429 3824 oa
459 3761 496 3822 ab
523 3759 609 3820 initio
632 3763 804 3819 contextum
832 3753 1076 3834 gossypiaceum,
1107 3750 1295 3814 reticulatum
1317 3751 1366 3812 vel
1389 3751 1583 3826 cellulcsum,
1616 3761 1737 3834 totaque
1760 3777 1837 3818 cras-

239 3889 369 3954 situdine
392 3903 448 3968 neq
457 3883 558 3948 nalem
578 3881 691 3972 reterre
713 3879 799 3954 dicit,
821 3877 886 3938 sine
908 3874 972 3938 ullo
994 3873 1056 3938 tubi
1079 3873 1253 3936 medullaris
1274 3873 1413 3951 vestigi03
1442 3881 1513 3952 post
1543 3872 1621 3935 diem
1649 3875 1767 3936 demum
1790 3880 1841 3938 ‹le-

240 4017 349 4080 oimum
370 4015 509 4092 quartum
530 4007 563 4070 in
585 4003 684 4068 medio
706 3999 836 4082 amplius
857 3998 1008 4081 quoddam
1030 3997 1167 4078 spatium,
1189 3995 1345 4058 cavitatem
1368 3994 1564 4058 medullarem
1582 3997 1785 4078 incipientem,
1810 4005 1840 4063 ia

241 4139 350 4202 arctim
373 4132 533 4200 contractis
554 4127 726 4210 parietibus,
748 4121 996 4204 conspiciebatur.

400 4254 580 4333 Howabip
604 4249 657 4332 (3)
679 4249 763 4313 solus
786 4246 825 4310 ad
848 4247 925 4308 banc
947 4264 1011 4306 rem
1033 4243 1241 4327 inquirendam
1262 4243 1464 4324 naicroscopio
1487 4262 1560 4304 usus
1584 4253 1643 4320 cst,
1670 4248 1841 4328 etquidem

196 4471 199 4480 Δ
241 4388 348 4456 setara
375 4385 461 4462 cujus
485 4393 545 4458 ope
568 4395 659 4458 quum
682 4371 885 4451 cartilaginem
908 4367 1089 4449 pellucidam
1118 4365 1187 4430 luce
1209 4385 1271 4428 non
1294 4371 1469 4446 penetrante
1491 4363 1680 4444 observaret,
1712 4390 1840 4454 ossaque.

241 4529 345 4576 recens
368 4504 568 4575 conternata,
593 4500 771 4580 priusquam
800 4492 971 4575 inquireret,
994 4489 1168 4564 calcitraret,
1197 4497 1227 4552 et
1248 4507 1341 4570 quum
1370 4487 1505 4552 sedecies
1534 4496 1648 4554 tantum
1682 4492 1720 4553 ad
1749 4495 1839 4556 vicies

343 4792 346 4800 .
403 4751 443 4816 (ll
464 4753 483 4798 l.
502 4763 526 4801 e.
545 4745 652 4812 ntea.

403 4836 443 4900 (Ἰ)
463 4835 528 4908 Ιηε.
548 4853 573 4900 p.
591 4837 609 4885 ll
627 4843 652 4882 et
670 4851 723 4896 aqq.

404 4923 445 4992 (³)
465 4925 640 4985 „mum”
658 4921 877 4982 Bffll'nl'l'mllffl'
899 4921 962 4968 nim
979 4921 1028 4968 ‘ll-⁸¹¹
1049 4919 1182 4980 geaneruen
1202 4933 1229 4970 aa.
1249 4915 1425 4964 hanffllien
1445 4915 1500 4966 Bau
1528 4915 1574 4964 ‹lrr
1592 4915 1729 4968 la'uoelaen.
1767 4921 1797 4968 Α.
1816 4921 1839 4967 at.

245 5023 320 5080 linaei.
343 5037 365 5070 t.
387 5015 538 5074 veratri,
559 5011 676 5074 Leipzig,
695 5025 720 5072 qa,
745 5007 838 5061 l-·²0,

1347 5102 1395 5165 2!
