4768 5894
1361 559 1444 634 208

609 771 842 836 sensibilem
865 771 930 833 deri
955 771 1142 832 arbitremur.
1189 767 1323 845 decedit,
1346 769 1437 850 qnod
1452 769 1599 844 Tenon,
1618 767 1670 830 uir
1691 767 1755 830 atie
1777 767 1917 850 insignis
1946 769 1978 831 in
2002 771 2218 852 experimentis,

610 895 742 978 quaein
765 895 890 957 senibus
913 891 1046 970 instituit,
1068 887 1216 974 perpetuo
1240 892 1432 954 observatum
1458 891 1566 969 refert,
1596 890 1840 972 granulatiunes,¹
1865 911 1943 973 qune
1965 911 2004 954 ex
2025 893 2093 974 ipse
2116 913 2219 976 snper·

610 1017 678 1080 deie
703 1020 781 1081 ossis
805 1016 949 1080 denudati
975 1023 1142 1098 assurgunt,
1166 1033 1258 1098 quum
1281 1015 1410 1095 primmn
1424 1015 1472 1082 ,in
1487 1021 1682 1095 conspectum
1704 1015 1835 1092 venient,
1857 1015 1990 1077 crustulo
2005 1016 2136 1099 quedem
2158 1019 2217 1082 exi·

610 1159 670 1222 guo
700 1141 832 1204 obtectus
863 1159 1024 1222 apparere,
1062 1157 1139 1222 quae
1169 1157 1226 1220 pro
1256 1137 1415 1220 squamule
1445 1157 1535 1201 ossea
1561 1144 1701 1220 repente
1731 1145 1762 1202 et
1790 1155 1847 1219 per
1867 1139 2061 1202 commendem
2084 1143 2215 1222 projecto

610 1259 717 1326 merito
740 1263 843 1327 haberi
865 1271 966 1346 potest
989 1266 1045 1338 (oi.
1071 1280 1171 1343 expet.
1195 1262 1257 1338 ΙΙ.)Ι
1379 1293 1384 1300 -

772 1391 870 1450 Omne
892 1383 985 1468 igitur
1007 1387 1134 1449 fulcrum
1159 1385 1244 1467 quasi
1266 1383 1427 1465 surripitur
1448 1384 1615 1447 sententiae
1637 1401 1751 1461 eonem,
1774 1385 1825 1466 qui
1848 1384 1880 1446 in
1903 1385 2071 1466 separando
2093 1389 2215 1450 nerresi

610 1512 800 1592 resorptione
830 1510 920 1572 etiam
947 1529 985 1572 ex
1014 1516 1151 1572 emortuo
1182 1527 1252 1571 osse
1288 1507 1400 1569 summi
1436 1505 1550 1590 aliquid
1587 1507 1761 1588 opimentum
1791 1509 1915 1591 jamque
1946 1515 2029 1572 certo
2058 1529 2216 1590 possumus

612 1635 811 1711 oontendere,
847 1629 1034 1697 neo'rosin
1065 1631 1326 1712 resorptione
1347 1631 1386 1692 in
1415 1629 1518 1693 solis
1545 1631 1725 1711 pertibus
1758 1630 1860 1694 vivis
1893 1637 2078 1695 nascente
2105 1651 2216 1714 sepo-

612 1759 704 1832 rnri3
727 1777 804 1840 qnae
827 1776 884 1834 res,
907 1763 940 1818 ut
963 1757 1041 1818 inira
1063 1755 1230 1836 apparebit,
1254 1753 1333 1815 bend
1356 1753 1457 1834 exigui
1479 1753 1622 1816 momenti
1644 1760 1690 1816 est
1712 1753 1751 1816 ed
1773 1759 1856 1816 reete
1883 1752 2105 1834 intelligendum
2131 1775 2216 1836 rege·

612 1882 799 1944 neretionem
823 1881 936 1942 ossium
959 1879 1079 1940 nonnosi
1104 1879 1331 1940 destructorum.

772 2002 905 2065 Simulee
933 2021 1004 2083 pers
1033 2002 1133 2083 alique
1155 2019 1260 2076 ossen,
1294 2019 1472 2081 praegresso
1496 1999 1696 2063 exsultatione
1726 1999 1776 2062 vel
1804 2000 1944 2063 sensibili
1962 1999 2015 2063 ‘vel
2045 2002 2214 2079 insensibili,

611 2127 782 2191 neumenia·
808 2127 930 2188 obtectu
961 2134 1022 2200 est,
1061 2125 1165 2185 eedem
1196 2126 1263 2202 ejus
1294 2123 1370 2186 rut-io
1408 2131 1499 2206 etque
1533 2123 1610 2186 elius
1629 2121 1767 2185 'vdneds
1801 2124 2011 2204 suppureutis3
2049 2145 2108 2207 pns
2131 2125 2213 2202 idem,

610 2253 732 2314 eaedem
755 2249 991 2330 granulationes.
1036 2250 1100 2308 Hae
1123 2247 1161 2308 nd
1185 2247 1370 2308 altitudinem
1393 2246 1577 2308 ouruneutee
1599 2245 1620 2307 e'
1640 2243 1775 2326 pertibus
1797 2245 1955 2325 mollibus,
1990 2267 2066 2331 qnae
2090 2249 2213 2312 oireum·

607 2379 718 2455 jacent,
737 2372 921 2454 prosilientis
944 2365 1065 2432 eveetee
1088 2388 1155 2431 enm
1178 2371 1235 2429 heo
1257 2369 1432 2430 coalescunt
1454 2375 1484 2430 et
1505 2369 1592 2450 qnasi
1614 2369 1645 2429 in
1667 2389 1761 2432 nnnm
1791 2372 1960 2444 confluuntr
1988 2391 2050 2453 qne
2072 2373 2153 2435 iectu
2175 2374 2213 2434 oi·

611 2499 707 2561 oetrix
726 2515 811 2558 more
834 2493 925 2557 solito
948 2493 1117 2557 obducitur.
1163 2491 1335 2552 Curnrnoula
1358 2509 1409 2565 ee,
1444 2506 1522 2572 qune
1553 2491 1612 2572 ipsi
1641 2492 1703 2554 ossi
1730 2493 1868 2574 proximo
1890 2494 2024 2569 insidet,
2043 2495 2075 2556 in
2100 2513 2211 2558 nereum

611 2620 807 2684 substantiam
830 2617 891 2680 obit
912 2624 955 2691 (u.
978 2617 1052 2679 Teb.
1076 2614 1126 2678 ΙΙΙ.
1143 2615 1169 2676 d.
1196 2614 1223 2676 1.
1242 2613 1310 2689 Ι.);
1342 2613 1468 2676 stratum
1490 2633 1564 2676 veru
1595 2614 1736 2676 extimum
1757 2633 1821 2678 non
1843 2617 1884 2678 ite
1905 2625 2123 2695 commutetur,
2154 2617 2212 2693 sed,

610 2747 655 2809 uti
677 2742 899 2826 granulationes
933 2741 1065 2821 partium¹
1098 2738 1250 2815 mollium,
1285 2735 1463 2801 oeiiul'osem
1497 2743 1677 2800 structurum
1710 2738 1885 2820 adipiseitur
1918 2747 2007 2823 etque
2036 2742 2081 2804 sio
2103 2761 2212 2806 novum

610 2869 695 2954 qunsi
718 2867 901 2949 periosteum
925 2863 1047 2942 effingit

770 2990 872 3052 Foede
894 2992 1028 3068 apparet,
1050 2986 1314 3047 inflammationem
1336 2983 1399 3048 uo'n
1422 2985 1586 3048 consistere
1619 2985 1740 3065 inipso
1767 2985 1839 3049 loeo
1869 2986 1970 3063 leeso,
2004 2989 2059 3051 sed
2089 2990 2210 3054 ulterius

609 3119 698 3182 etiarn
721 3112 873 3196 progredi.
918 3111 958 3172 Ut
979 3103 1141 3191 plurimum
1165 3129 1203 3170 en
1224 3129 1280 3190 per
1301 3115 1396 3171 totum
1419 3105 1499 3172 ossis
1522 3108 1688 3171 crassitiem
1709 3115 1799 3188 petet,
1822 3119 1855 3170 ut
1877 3109 1909 3171 in
1931 3111 2024 3172 nitere
2047 3113 2135 3175 etiem
2148 3117 2211 3194 ejus

609 3231 767 3321 superficie
790 3233 1031 3298 inflemmetionis
1061 3234 1268 3314 phaenomena
1297 3232 1532 3312 conspicientur.
1583 3231 1627 3293 At
1654 3250 1727 3293 vero
1757 3251 1847 3313 quum
1871 3251 1924 3294 esu
1946 3253 2011 3309 res,
2042 3237 2152 3317 quibus
2171 3239 2210 3312 fir,

609 3371 643 3424 ut
665 3360 860 3440 suppurntivn
881 3359 988 3420 existet
1010 3357 1213 3432 inflammatio,
1236 3374 1302 3418 eam
1324 3363 1438 3416 tannim
1461 3361 1576 3434 partem
1592 3354 1746 3430 efficient,
1769 3373 1829 3435 qne
1851 3375 1887 3418 os
1910 3357 2091 3420 denudatum
2115 3371 2210 3422 menet

609 3485 657 3548 vel
690 3488 838 3565 quatenus
858 3481 994 3544 neerosis
1017 3487 1114 3560 petet,
1144 3480 1280 3561 sequitur
1301 3486 1335 3540 nt
1356 3477 1481 3559 reliquis
1503 3477 1579 3538 loris
1601 3474 1795 3539 inflammatio
1818 3479 1995 3542 exsndntivu
2016 3481 2064 3543 sit.
2110 3485 2210 3566 ltaque

608 3610 635 3673 si
657 3626 717 3690 qne
739 3623 819 3687 pers
833 3604 1003 3684 superficiei
1026 3604 1105 3666 ossis
1128 3609 1270 3665 externae
1292 3595 1439 3681 suppuret
1466 3601 1518 3680 (oi.
1541 3597 1690 3661 rebelli.
1713 3600 1733 3661 i.
1760 3599 1823 3680 b),
1854 3602 1885 3663 in
1914 3604 1985 3681 ejus*
2009 3604 2137 3668 uir-onitu
2159 3625 2208 3688 pe

607 3735 752 3796 riosteum
774 3730 965 3792 tumefactum
989 3726 1058 3808 (h),
1091 3733 1180 3808 etque
1213 3726 1291 3786 inter
1318 3725 1376 3786 hoc
1406 3723 1564 3805 ipsumque
1593 3741 1629 3785 os
1658 3723 1798 3785 materies
1828 3743 1917 3788 osseo
1939 3727 2085 3790 exsudata
2108 3729 2152 3814 (e.
2176 3733 2208 3814 e)

609 3851 847 3937 deprehenditur,
870 3869 947 3933 qune
970 3849 1042 3912 vadi
1065 3849 1105 3910 nd
1127 3850 1222 3911 instar
1244 3847 1350 3910 inciem
1373 3857 1588 3928 suppurantem
1612 3849 1787 3912 eircumdet,
1830 3848 1864 3910 Si
1886 3847 2018 3912 tubulosi
2041 3855 2208 3934 cujuspiam

609 3976 687 4039 ossis
710 3981 833 4034 exterma
855 3971 1028 4050 superficies
1050 3969 1212 4050 suppuret,
1241 3972 1272 4031 in
1295 3967 1425 4045 interme,
1456 3989 1533 4052 quae
1555 3971 1601 4033 iili
1634 3972 1776 4052 opposito
1798 3978 1858 4047 est,
1891 3971 1992 4034 itidem
2014 3991 2095 4036 nova
2119 3985 2209 4040 mete-

609 4099 669 4161 ries
699 4114 788 4160 ossea
817 4093 962 4157 exsudata
985 4090 1040 4174 (d)
1070 4093 1232 4171 reperiturr
1263 4093 1290 4154 si
1311 4093 1482 4173 spongiosi,
1511 4093 1616 4155 endem
1639 4095 1670 4156 in
1693 4094 1831 4157 omnibns
1854 4094 1971 4158 cellulis
1994 4097 2209 4163 rnedulleribns

609 4221 746 4302 proxime
768 4217 888 4299 positis,
910 4215 1048 4278 materies
1072 4212 1188 4276 seiiioet
1209 4231 1298 4276 osseo
1319 4217 1424 4276 berum
1446 4213 1478 4275 in
1500 4215 1663 4296 perietibus
1686 4217 1830 4281 exendstn
1853 4217 1971 4300 telaque
1994 4219 2065 4282 inde
2087 4223 2210 4288 densior

609 4345 702 4418 iacto,
725 4348 883 4422 apparent,
906 4340 933 4402 si
956 4340 1084 4422 denique
1106 4336 1207 4419 pleni,
1235 4336 1314 4398 idem
1337 4337 1371 4398 iit
1392 4337 1422 4398 in
1446 4334 1547 4419 diplod
1569 4337 1620 4402 vel
1642 4339 1673 4401 in
1694 4339 1931 4416 inmdreelters.
1957 4375 1996 4390 -
2044 4343 2144 4427 Atque
2166 4349 2209 4410 vi-

609 4467 727 4539 cissim,
754 4462 780 4524 si
809 4462 952 4523 interiore
979 4465 1073 4539 ossis,
1104 4483 1130 4524 e.
1158 4481 1186 4542 g.
1216 4455 1333 4522 interne
1362 4445 1537 4542 superficies
1566 4461 1645 4524 ossis
1674 4461 1821 4541 tubulosi,
1852 4472 1990 4545 seperate
2018 4466 2119 4549 ulique
2142 4470 2208 4551 ejus

608 4585 694 4673 perte
717 4591 854 4650 emortua
875 4592 1052 4663 suppurent,
1075 4585 1163 4660 intus,
1186 4591 1332 4666 quatenns
1354 4591 1492 4666 patuerat
1513 4585 1663 4660 nemesis,
1685 4587 1862 4667 suppuratio
1886 4593 1915 4648 et
1937 4603 2044 4655 osseae
2066 4595 2208 4656 materiae

488 4694 490 4704 ’
608 4712 747 4776 formatio
781 4727 838 4790 per
866 4703 1118 4786 grnnrdntionem,
1147 4706 1178 4766 in
1206 4705 1332 4770 eironitn
1359 4708 1421 4769 ioei
1449 4707 1642 4788 suppnrnutis
1671 4707 1842 4774 obliteratio
1869 4709 1934 4772 envi
1957 4713 2131 4778 medullaris
2153 4737 2208 4798 per

607 4833 833 4901 emendationem
861 4847 988 4906 osseam,
1012 4828 1043 4890 in
1071 4835 1195 4891 externe
1215 4827 1635 4913 denique·euperfioie·ossee
1656 4833 1795 4896 materies
1817 4833 1896 4896 inter
1919 4853 1957 4897 os
1987 4845 2078 4918 etque
2106 4841 2206 4920 perio.

606 4969 702 5024 steum
725 4955 871 5020 exsudata
892 4949 1133 5034 deprehenditur.
