4784 5894
910 535 984 618 111
1021 551 1029 559 “

306 741 328 800 l.
375 741 509 806 Callus
539 759 584 804 ex
612 761 700 806 osse
730 742 1012 822 proficiscitur.
1065 743 1114 806 Lis
1146 743 1272 822 pdmum
1302 745 1379 808 iuter
1401 746 1598 810 Hallcram
1632 757 1664 810 at
1696 752 1745 811 du

144 861 278 930 llauicl
310 864 347 924 de
378 865 492 942 origine
522 866 591 931 calli
613 873 719 928 exorta
742 865 779 930 ad
811 867 1014 933 recentissima
1044 885 1139 948 usquc
1162 873 1313 948 tempora,
1348 869 1445 932 sonna
1480 877 1591 934 tantum
1627 881 1746 948 munta,

145 995 313 1066 propagata
348 997 402 1051 est.
467 989 564 1070 :itque
606 999 667 1052 tres
702 989 889 1069 potissimum
927 991 1091 1054 sententiae
1131 991 1325 1070 principales,
1364 993 1448 1054 vario
1482 995 1575 1057 modo
1608 1003 1747 1071 marteine,

144 1109 254 1172 allatae
282 1117 366 1182 suut;
400 1110 450 1174 alii
473 1113 549 1176 eninr
581 1111 691 1174 callum
725 1133 742 1174 e
770 1113 863 1176 fluido
893 1114 1005 1178 circum
1026 1116 1187 1176 fracturam
1220 1114 1316 1176 effuso
1350 1116 1380 1176 in
1415 1123 1593 1180 structuram
1628 1120 1747 1199 organi

145 1253 227 1300 carn,
262 1233 390 1312 primum
420 1235 661 1315 cartilagiuearn,
697 1235 764 1301 dein
802 1257 918 1303 osseam
948 1238 1092 1312 abeunte,
1131 1238 1180 1300 alii
1219 1239 1443 1302 intunescentia
1479 1247 1509 1302 et
1546 1241 1748 1304 ossificatioue

148 1357 291 1434 periostei
323 1357 530 1439 (aliaunnqua
564 1360 692 1439 partium
728 1358 882 1436 mollium)
919 1343 993 1423 oriri
1030 1360 1163 1422 arbitrati
1199 1370 1282 1434 sarnt3
1319 1360 1370 1424 alii
1404 1363 1532 1446 denique
1566 1365 1748 1444 periosteum

145 1480 245 1557 ipsura
269 1480 387 1562 quidem
412 1482 441 1544 ia
465 1501 501 1544 os
523 1500 585 1545 non
609 1483 699 1558 abiro,
722 1481 792 1544 calli
815 1489 913 1544 tannen
936 1473 1087 1546 materiem
1112 1505 1149 1544 cx
1171 1503 1209 1547 co
1231 1485 1371 1548 exsudari
1393 1493 1544 1566 putarunt.

309 1605 458 1678 Primum,
492 1607 574 1686 quod
608 1606 646 1667 ad
677 1606 848 1670 fluidum
879 1605 982 1668 illud
1021 1607 1169 1670 circum
1200 1609 1418 1670 fracturam
1442 1611 1614 1672 effusum
1638 1612 1749 1687 attinet,

146 1727 281 1788 llaller
303 1730 393 1810 etqui
405 1749 473 1790 enm
486 1730 604 1810 sequuti
615 1738 693 1802 siant,
716 1729 748 1790 id
758 1751 814 1809 pro
827 1750 919 1792 succo
932 1729 1084 1810 singulari,
1106 1731 1220 1794 ossium
1231 1731 1356 1812 proprio
1369 1738 1457 1814 atquc
1468 1752 1507 1796 ex
1518 1715 1592 1812 ipsis
1604 1735 1749 1796 exsudata

147 1855 304 1925 (succus
327 1853 532 1932 ossifieus)
553 1852 716 1925 lrabebant;
740 1871 827 1933 quem
844 1873 948 1916 revera
959 1854 1086 1916 cxistme
1109 1874 1207 1936 nequa
1219 1856 1399 1935 argumentis
1412 1857 1640 1937 comprobatum
1654 1877 1751 1940 neque
1822 1933 1825 1940 Ι

148 1995 221 2046 vero
244 1995 367 2038 neeesse
391 1984 444 2040 est
490 1976 612 2038 Rectius
634 1976 741 2057 reliqui
770 1975 894 2038 fluidum
924 1976 1014 2050 illud,
1049 1977 1131 2059 quod
1164 1979 1262 2056 primo
1293 1985 1427 2058 ternpore
1456 2000 1576 2060 semper
1603 1983 1752 2042 fraotmae

148 2099 404 2174 adrerrnrfonclitur,
433 2099 648 2178 sanguinem
672 2113 710 2160 ex
732 2099 814 2162 vasis
833 2098 963 2161 discissis
987 2099 1143 2174 medullae,
1167 2101 1244 2162 ossis
1266 2105 1295 2162 et
1316 2100 1445 2179 partium
1468 2101 1604 2164 mollium
1626 2103 1753 2164 effusum

147 2224 326 2289 halruerunt.
371 2223 476 2289 Utrum
498 2239 587 2298 vcro,
610 2223 653 2284 uti
676 2221 867 2298 collisae,
895 2223 1056 2298 lluuter,
1090 2221 1320 2311 liacdonald
1348 2230 1378 2286 et
1406 2223 1589 2305 llowslrip
1620 2225 1753 2286 arbitrati

148 2357 226 2424 sunt,
249 2346 372 2409 rubrum
395 2355 507 2408 tanaim
530 2346 682 2424 sangoinis
705 2346 909 2420 resorbeatur,
945 2345 1091 2426 reliquum
1121 2361 1195 2408 roro
1223 2353 1376 2411 ronaueat
1398 2351 1486 2428 atque
1514 2347 1545 2408 in
1574 2353 1754 2410 sauctorum

149 2470 322 2550 organicam
343 2469 439 2544 abeat,
463 2489 500 2534 au
524 2469 652 2533 alioruin
675 2470 819 2532 sententia
843 2469 941 2532 01111115
963 2469 1085 2548 sanguis
1109 2469 1297 2550 resorplione
1319 2470 1472 2532 auferatur
1500 2477 1590 2552 atquc
1619 2471 1650 2531 in
1687 2473 1754 2550 ejus

150 2595 252 2658 locum
275 2593 412 2658 materies
436 2592 602 2672 plasticae
624 2592 758 2672 partibus
781 2592 922 2656 mollibus
946 2592 1091 2655 exsudata
1113 2591 1207 2666 cedat,
1230 2593 1288 2654 lroc
1311 2599 1340 2655 ct
1363 2593 1526 2672 dijudicato
1547 2593 1755 2656 difficillimum

150 2731 209 2792 eet,
226 2753 230 2763 .
245 2717 485 2798 necquidquam
514 2715 561 2802 ¹²⁴¹,
575 2724 711 2778 nostram
738 2715 914 2776 soritentiarn
942 2715 1042 2774 refert.
1094 2713 1125 2774 ld
1157 2715 1244 2778 uobis
1273 2715 1330 2776 hoc
1361 2716 1432 2778 loco
1464 2715 1672 2796 inquirendum
1703 2724 1755 2790 est,

150 2844 223 2923 qnid
247 2841 410 2904 ermanus
433 2837 484 2900 illa
507 2801 615 2910 mollis,
638 2835 717 2899 vasis
738 2836 907 2898 numerosis
929 2836 1082 2908 instructa,
1111 2857 1129 2916 e
1153 2836 1286 2898 medulla
1308 2838 1443 2916 profecta
1473 2844 1502 2898 et
1532 2839 1670 2900 materies
1700 2839 1755 2899 ini·

152 2969 194 3030 tio
220 2963 393 3034 rubicunda,
415 2961 589 3041 gelatuaosa,
613 2969 717 3040 postea
740 2959 866 3052 spissior
897 2959 1036 3041 vasisque
1060 2959 1230 3034 abundans,
1254 2977 1331 3040 quae
1360 2959 1548 3022 intervallum
1577 2960 1655 3022 iuter
1677 2961 1756 3040 frag-

152 3099 253 3152 menta
276 3086 377 3168 explet
404 3085 513 3162 (srrbst
537 3083 737 3162 nicomedia),
760 3081 839 3164 quid,
863 3082 1001 3163 inquom,
1015 3084 1058 3152 ad,
1077 3083 1147 3146 calli
1169 3082 1378 3147 formationem
1407 3084 1576 3157 conferant,
1610 3083 1674 3146 sive
1704 3101 1757 3146 eae

154 3211 290 3292 sanguini
313 3211 419 3283 ciirrao,
441 3209 505 3270 sive
528 3207 717 3270 exsulationi
742 3204 891 3286 plasticae,
915 3203 1102 3286 inpartibus
1125 3204 1268 3270 mollibus
1290 3206 1478 3269 inllaunnatis
1502 3207 1684 3283 succedenti,
1707 3229 1758 3269 or-

156 3351 217 3400 tum
247 3335 384 3398 debcant.
430 3331 508 3394 Fere
531 3350 644 3404 ornnes,
667 3330 717 3410 qui
740 3329 817 3390 hanc
840 3348 901 3390 rem
926 3329 1142 3410 inquisiverunt
1153 3329 1330 3412 scriptisque
1354 3329 1540 3407 mandaramt,
1562 3330 1758 3396 substantiam

155 3459 357 3521 intermediam
381 3457 410 3517 in
434 3455 636 3533 cartilaginem
660 3452 741 3516 abire
765 3463 796 3516 et
817 3460 928 3546 puncta
950 3453 1161 3514 ossiiicationis
1183 3453 1214 3514 in
1238 3473 1275 3516 aa
1297 3453 1369 3516 oriri
1393 3454 1657 3528 voluntaatvero,
1681 3475 1759 3536 quae

154 3587 218 3664 ipsc
242 3581 409 3654 observavi,
430 3597 582 3657 nunqnam
606 3577 664 3638 lroc
687 3575 751 3639 lieri
774 3575 844 3638 mild
867 3583 1090 3656 pererraserunt.
1134 3577 1301 3638 Fatendum
1332 3577 1451 3660 quidem
1475 3585 1536 3652 cst,
1563 3577 1757 3639 substantiam

154 3705 359 3772 intermediam
382 3711 464 3774 certo
488 3701 619 3782 quodam
642 3699 822 3762 evolutionis
853 3707 988 3777 tempore
1018 3699 1048 3758 id
1071 3697 1181 3776 speciei
1204 3705 1234 3760 ot
1254 3699 1401 3762 firmitatis
1424 3700 1569 3774 rrauoisci,
1605 3709 1637 3761 ut
1661 3701 1757 3762 nriuus

156 3838 294 3896 acicurato
318 3787 471 3908 inquirens
493 3824 580 3886 facile
604 3821 769 3895 inducaris,
798 3828 831 3882 ut
853 3821 1074 3898 cartilagincam
1107 3841 1173 3884 resse
1197 3821 1316 3890 credam
1351 3839 1454 3882 acerum
1479 3821 1565 3883 facile
1588 3821 1674 3884 etiarn
1690 3841 1759 3900 ope

159 3951 350 4032 microsoopii
374 3948 555 4030 inquirentes
580 3945 616 4006 ab
640 3946 813 4008 hocerrore
835 3943 1002 4006 carellimur.
1050 3943 1114 4020 Ego
1137 3941 1402 4021 inexperiment'u
1424 3941 1498 4004 meis
1522 3943 1598 4004 lianc
1621 3943 1759 4006 substan-

157 4081 228 4140 tiam
251 4073 464 4146 interrrrcdiam,
486 4080 518 4134 ut
540 4089 629 4153 quam
652 4069 814 4148 scriptores
838 4085 899 4128 non
923 4067 1022 4129 solnm
1052 4075 1167 4128 veteres
1195 4065 1251 4130 scd
1278 4065 1474 4128 recentissimi
1497 4065 1585 4127 etiam
1609 4069 1760 4146 temporis,

159 4214 192 4263 nt
214 4201 407 4272 Breschet‚
432 4186 824 4273 lllodi1tg,Villerme,
854 4191 1006 4258 Weber.
1036 4188 1226 4266 Gendrin,
1256 4207 1379 4268 magnas
1402 4195 1501 4267 partes
1526 4189 1556 4248 in
1579 4188 1758 4252 formatione

70 4379 72 4382 .
159 4327 227 4388 calli
251 4341 340 4403 agere
352 4321 452 4394 velint,
474 4338 591 4382 summa
612 4337 685 4382 cura
708 4336 726 4376 s
748 4315 844 4395 prima
866 4313 981 4392 origiue
1005 4312 1043 4374 ad
1066 4314 1226 4392 perfectam
1256 4331 1351 4392 usque
1375 4311 1576 4374 evolutionem
1601 4312 1760 4378 observavi

160 4453 205 4530 (v.
219 4447 291 4509 Tab.
305 4447 341 4524 11.
355 4445 374 4502 1.
385 4440 415 4516 2,
439 4463 464 4504 e.
478 4445 502 4514 l;
525 4445 544 4504 l.
557 4439 587 4502 3.
600 4461 638 4520 ga
661 4439 723 4502 td.
737 4459 763 4500 e.
777 4439 800 4510 i;
823 4437 842 4500 f.
855 4435 886 4498 5.
900 4437 931 4502 l:
946 4435 1028 4508 fab.
1040 4437 1064 4499 l.
1076 4437 1098 4498 f.
1111 4435 1160 4498 10.
1182 4436 1211 4496 k.
1223 4433 1287 4520 a),
1315 4439 1345 4496 et
1364 4431 1559 4516 micrqscopii
1588 4436 1676 4500 etiam
1700 4456 1760 4516 ope

161 4541 310 4650 inquisivi.
355 4565 510 4628 Structnra
533 4565 598 4641 ejus
615 4563 706 4636 initio
729 4559 925 4644 inaequaliter
946 4557 1109 4639 granulosa
1130 4557 1241 4622 sensim
1262 4556 1294 4618 111
1326 4555 1416 4622 telam
1443 4557 1586 4621 fibrosam
1608 4557 1761 4622 inordina-

163 4707 222 4758 tam
246 4691 316 4765 abit,
340 4706 417 4768 qnae
440 4694 546 4765 postca
567 4685 733 4763 ligamentis
754 4693 879 4748 externa
901 4683 1001 4766 specie
1023 4679 1175 4745 smillima
1195 4681 1239 4742 fit.
1282 4681 1366 4746 llaec
1383 4681 1548 4746 substantia
1564 4681 1762 4760 &amariora

167 4817 267 4880 onmia
288 4809 446 4875 intervalla
469 4807 578 4887 explet
601 4825 678 4887 quse
701 4808 732 4868 in
754 4809 892 4872 iracurris
914 4805 993 4870 haud
1021 4825 1146 4886 prorsus
1173 4805 1299 4883 amatis,
1332 4805 1388 4870 aad
1416 4803 1542 4884 anguis
1569 4810 1683 4869 tauunu
1711 4823 1761 4866 os-

166 4921 174 4942 ·
1390 4927 1432 4992 ra
