4768 5894
1362 545 1444 646 2³⁴

604 759 769 825 bsbaomr.
813 759 872 820 lin
892 756 1028 820 Hanni
1051 756 1090 818 ad
1113 757 1189 826 burc
1208 772 1333 836 quoque
1355 765 1401 829 ιι,
1424 773 1502 836 quae
1523 753 1562 818 de
1574 733 1698 820 ¹ossitnn
1718 753 1766 818 et
1778 755 2134 835 pertententomtiene
2148 777 2203 822 eo-

605 883 731 963 gitabat,
758 882 872 946 referre
900 887 1026 944 conatus
1050 887 1109 953 est3
1132 890 1237 940 verum
1259 892 1321 942 non
1344 877 1416 940 sau's
1438 878 1692 949 aeourats'totius
1714 897 1876 959 proeessus
1898 879 2070 962 rogmtione
2092 881 2204 944 inem.

606 1013 672 1070 otus
695 1011 767 1080 erat,
790 1011 824 1066 nt
844 1003 983 1068 omnibus
996 1001 1141 1082 ‘partibus
1162 1002 1242 1064 buno
1263 999 1366 1066 losum
1388 1007 1548 1084 pertexere
1570 1005 1689 1080 possete
1710 1008 1780 1081 post
1801 1017 1892 1077 vero,
1911 1021 2006 1084 qnam
2015 1002 2207 1082 experimen-

608 1130 645 1192 tis
669 1145 718 1194 res
739 1126 884 1192 illustrari
905 1132 1055 1206 coeperat,
1078 1145 1099 1188 s
1119 1123 1219 1186 multis
1243 1125 1317 1188 haee
1337 1123 1477 1186 metuas
1498 1131 1620 1204 recepta
1641 1131 1672 1186 et
1693 1123 1817 1188 defensa
1837 1131 1894 1188 ert.
1937 1131 1941 1138 '

596 1247 601 1260 '
766 1248 1006 1324 Controversiae,
1027 1267 1106 1330 ottae
1128 1247 1166 1308 de
1189 1245 1414 1326 regeneratione
1437 1246 1577 1312 neoresin
1599 1246 1774 1328 insequente
1796 1246 1978 1313 interrivos
1995 1247 2206 1329 mersae,

608 1375 633 1437 si
662 1393 733 1436 vere
762 1391 826 1438 rem
856 1371 1061 1446 aestimamus,
1091 1369 1218 1450 primum
1247 1370 1318 1434 inde
1340 1389 1358 1432 a
1381 1371 1501 1448 'l'roja
1530 1368 1595 1432 fieri
1615 1375 1743 1450 coeptae
1767 1376 1796 1430 et
1819 1375 1890 1449 post
1911 1389 1979 1434 enm
2002 1370 2040 1434 sd
2063 1377 2207 1440 reeerrn's-

609 1498 684 1562 sima
705 1515 801 1578 usqne
823 1503 960 1578 tempora
981 1494 1172 1558 ooutirrnatae
1194 1501 1272 1556 sunt
1318 1493 1353 1556 ln
1376 1490 1552 1558 universnm
1575 1491 1682 1557 eodem
1704 1490 1785 1577 illae,
1806 1499 1897 1573 atque
1917 1494 1964 1568 lie
1987 1499 2066 1576 qnae
2087 1497 2125 1559 de
2148 1501 2210 1562 lor·

609 1621 740 1684 motione
771 1617 844 1682 nelli
875 1619 948 1700 snit,
978 1618 1052 1682 orbe
1082 1617 1296 1690 decurrebant3
1318 1615 1355 1680 ab
1377 1615 1483 1680 iisdem
1505 1614 1683 1697 plerunque
1703 1595 1878 1702 enetoribus
1897 1605 2025 1698 'uterque
2047 1637 2208 1698 propenens

610 1743 830 1824 disquirebatur
858 1749 889 1804 et
915 1742 1019 1820 eadem
1041 1740 1196 1822 utriusque
1223 1739 1300 1804 ratio
1323 1720 1558 1820 proponebatur.
1602 1739 1707 1820 ltaque
1728 1753 1948 1820 supervacuum
1969 1747 2033 1819 est,
2054 1742 2115 1806 boe
2136 1744 2206 1810 loon

611 1872 806 1946 eonspeotum
828 1875 931 1928 earum
960 1863 1135 1928 historicum
1157 1877 1331 1943 apponeres
1362 1862 1393 1923 iu
1416 1881 1478 1944 quo
1500 1863 1564 1924 iere
1584 1861 1628 1924 nil
1649 1860 1708 1923 nisi
1729 1861 1900 1940 repetenda·
1914 1861 1970 1924 uta
1990 1863 2105 1943 estem,
2133 1887 2210 1950 qnae

612 1989 649 2050 de
673 1966 852 2050 formetione
880 1987 952 2050 calli
972 2007 993 2049 a
1012 2005 1061 2050 me
1084 1985 1175 2049 allata
1196 1993 1276 2050 sunt.
1320 1985 1370 2048 Ad
1385 1986 1467 2050 draeo
1488 1985 1578 2066 igitur
1598 1984 1744 2047 lectorem
1766 1984 1882 2060 resero,
1910 1987 2073 2064 generatim
2096 1995 2208 2055 tantum

611 2131 747 2186 monens,
770 2112 810 2172 ita
832 2111 888 2173 sibi
911 2110 1044 2188 uirorum
1063 2111 1226 2174 doctorum
1247 2109 1404 2189 oppositas
1422 2123 1494 2172 'esse
1516 2108 1692 2170 senentes:
1715 2113 1749 2170 nt
1770 2106 1823 2170 alii
1844 2109 2079 2188 regenerationis
2097 2113 2208 2178 iontem

614 2243 699 2300 extra
721 2251 792 2302 ossa
813 2241 936 2314 ponant,
958 2240 989 2296 et
1009 2234 1059 2296 vel
1081 2234 1179 2314 ipsam
1199 2230 1379 2308 medullam,
1393 2231 1586 2312 periostenm,
1608 2229 1681 2314 quin
1703 2229 1791 2296 etiam
1814 2231 1968 2296 musculos
1989 2233 2137 2297 onffimri
2160 2259 2210 2302 ve·

615 2359 687 2435 lint,
709 2357 758 2420 vel
781 2355 929 2438 liquorem
952 2375 990 2418 ex
1012 2356 1058 2420 bis
1080 2354 1215 2436 partibus
1238 2353 1378 2421 exsudari
1401 2362 1589 2435 proponant,
1619 2353 1730 2416 sensim
1743 2353 1783 2418 ,in
1806 2353 2010 2435 cartilaginem
2032 2369 2210 2446 orneturque

616 2478 811 2544 substantiam
840 2479 1010 2552 abeuntem
1041 2476 1091 2540 stit
1120 2485 1243 2558 matra,
1270 2480 1342 2557 jura
1368 2477 1457 2558 qnasi
1478 2478 1614 2558 ipsorum
1635 2476 1765 2551 ossium,
1796 2476 1897 2558 quoad
1919 2478 2089 2545 tandum
2110 2495 2210 2566 partes

616 2603 741 2669 amissas
763 2600 950 2678 restituendi,
973 2609 1102 2676 trientes,
1130 2609 1230 2681 partes
1251 2601 1382 2676 ossium,
1402 2619 1482 2680 quae
1503 2599 1590 2662 vivae
1613 2600 1789 2674 manserint,
1811 2600 2046 2666 inflammatione
2071 2607 2207 2686 emolliri,

615 2726 777 2800 bimetieri,
806 2724 951 2806 expandi,
980 2722 1133 2787 volumine
1159 2723 1265 2803 angen
1285 2722 1540 2805 atqnevinteriore
1562 2723 1648 2804 quasi
1676 2722 1862 2788 momento
1885 2724 1976 2808 (haee
1997 2727 2079 2793 enim
2099 2734 2212 2812 eogita-

615 2849 658 2915 tio
681 2847 845 2922 sententiae
867 2846 1053 2928 acharpa
1076 2847 1250 2926 propositae
1272 2846 1390 2910 videtur
1410 2846 1553 2929 subesse)
1575 2847 1677 2926 partes
1700 2846 1826 2924 amissas
1848 2848 1973 2912 relinere
1994 2850 2184 2920 amineum

635 3019 639 3026 .
702 2991 707 3045 χ
777 2971 818 3034 ln
841 2969 1150 3050 tautadismep'antia
1178 2970 1393 3066 sententiarum
1415 2970 1480 3032 fieri
1502 2986 1566 3034 non
1587 2977 1702 3050 potest,
1730 2969 1804 3050 quin
1826 2971 1985 3036 admrano
2007 2983 2069 3040 ιιοθΙ
2086 2977 2211 3058 inoedat,

617 3093 700 3176 qnod
727 3092 901 3167 observata,
924 3093 1040 3174 ‚quibus
1069 3092 1139 3154 illae
1168 3093 1330 3169 ntanmr,
1346 3092 1485 3156 omnibns
1506 3091 1649 3173 'partibus
1679 3092 1752 3154 mire
1773 3112 1864 3174 qnam
1885 3094 1964 3160 inter
1987 3117 2021 3160 sa
2041 3103 2212 3169 wanirant.

618 3219 688 3296 Qua
709 3215 746 3280 io.
763 3235 812 3292 re,
832 3229 932 3296 'quum
960 3217 1168 3295 pluenomenn
1191 3217 1287 3280 miurus
1310 3216 1489 3298 complicata
1506 3216 1585 3292 sint,
1615 3215 1712 3280 multe
1732 3215 1824 3278 eu'am
1846 3217 2041 3297 luculentius,
2070 3243 2161 3305 qnam
2182 3229 2213 3290 in

618 3309 797 3400 formatione
820 3338 890 3402 nelli
911 3339 1048 3414 vidimus,
1071 3337 1462 3403 dominarumrarteuaem
1473 3359 1536 3406 ιιοιι
1548 3345 1607 3402 tem
1622 3339 1653 3404 i'n
1669 3340 1836 3423 differentia
1845 3321 2099 3423 observationum,
2118 3371 2212 3436 'quam

618 3461 648 3524 io
671 3461 755 3523 varia
773 3459 948 3542 exptiomat
969 3461 1087 3524 ratione
1107 3461 1235 3540 positam
1259 3478 1328 3526 nme
1347 3469 1482 3542 apparet.
1521 3462 1708 3538 ,Etenimsi
1729 3473 1894 3554 ausuram,
1911 3485 1991 3548 qnae
2010 3469 2049 3530 de
2071 3471 2130 3534 bao
2152 3495 2213 3536 nra·

618 3584 692 3648 terie
715 3584 870 3667 d'ntquiaita
892 3590 975 3662 suut*
991 3584 1069 3648 iuter
1089 3603 1123 3648 ss
1145 3593 1368 3666 comparamus,
1390 3591 1473 3648 nato
1497 3585 1702 3648 demonstrare
1724 3606 1894 3666 possumus,
1916 3590 2025 3670 partim
2042 3593 2214 3662 vitalitatem

620 3709 735 3774 ossium
747 3709 961 3790 rationemque,
983 3727 1062 3792 quae
1083 3708 1161 3770 inter
1182 3727 1253 3772 ossa
1275 3707 1522 3791 membranaeque
1544 3709 1589 3774 eis
1610 3709 1759 3774 obductas
1770 3697 1935 3790 interoeffit,
1957 3733 2117 3796 perpetrm
2128 3721 2214 3786 insol.

619 3831 743 3909 lectam,
771 3839 861 3914 atque
888 3832 1061 3912 opinionem
1084 3839 1196 3898 temere
1218 3839 1393 3914 oonoeptam
1416 3833 1620 3914 praepropere
1641 3835 1700 3896 bno
1722 3833 1912 3913 translatam,
1941 3841 2050 3918 partim
2073 3844 2213 3909 ambitum

619 3955 755 4015 necrosis
778 3955 854 4015 salso
878 3955 1078 4032 aestimatum,
1101 3957 1207 4036 partim
1231 3963 1410 4018 structuram
1434 3957 1615 4036 cartilaginis
1637 3959 1818 4022 assibamtis
1839 3979 1947 4040 pamm
1969 3964 2136 4044 moniam,
2158 3985 2217 4052 qna

620 4077 731 4141 laetum
758 4083 818 4152 est,
849 4083 883 4141 ut
910 4096 1001 4156 saepe
1029 4085 1130 4156 partes
1159 4078 1267 4142 nrollss
1296 4079 1495 4142 exsudatione
1527 4080 1755 4144 inflammatoris
1783 4083 1940 4148 indonatus
1962 4093 2020 4165 pre
2040 4083 2216 4174 mmilagine

621 4199 800 4264 haberentur
826 4211 858 4264 et
887 4200 919 4262 in
946 4219 983 4264 oe
1012 4199 1146 4262 abiturae
1173 4220 1239 4267 esse
1270 4203 1475 4278 crederentur,
1504 4204 1715 4283 praetermissa
1744 4205 1873 4287 deniqne
1902 4215 1933 4270 et
1961 4211 2099 4290 neglecta
2120 4217 2217 4296 prima

620 4321 808 4386 sonnationis
836 4324 934 4386 stadia
954 4322 1052 4389 aliave
1072 4324 1103 4386 iu
1126 4323 1273 4388 faciundis
1294 4325 1554 4406 disquisitionibus
1579 4327 1742 4390 wmmissa
1763 4328 1835 4390 vitia
1869 4333 2059 4398 ommonem
2086 4335 2215 4418 dedisse,

620 4453 653 4511 ut
674 4444 775 4510 variae
797 4461 836 4506 ex
858 4443 1118 4512 observationibus
1140 4448 1217 4512 inter
1237 4467 1271 4511 se
1293 4467 1419 4530 prorsus
1442 4450 1588 4514 similibus
1610 4449 1716 4514 fierent
1737 4454 1940 4531 conjecturae.

779 4567 861 4646 Ego,
884 4585 975 4648 quum
1005 4545 1129 4650 proprie
1151 4571 1403 4653 eontempistinne
1425 4593 1526 4636 mum
1548 4573 1620 4636 inibi
1640 4574 1843 4656 cognitionem
1865 4599 2043 4662 oomparare
2064 4589 2215 4668 euperem,

622 4693 768 4755 ealduetns
796 4709 881 4770 sum,
910 4697 944 4752 ut
965 4691 1013 4752 bic
1035 4711 1155 4774 quoque
1178 4694 1382 4774 experimenta
1404 4711 1534 4776 egerem.
1580 4697 1694 4774 ¹Verum
1716 4708 1787 4783 post
1809 4721 1864 4780 ea,
1891 4705 2030 4785 quaeda
2051 4707 2217 4775 Muna-

620 4817 702 4880 tione
732 4816 845 4878 ossium
873 4816 938 4896 jam
969 4820 1056 4876 antea
1084 4815 1330 4896 observatiorem,
1360 4819 1440 4879 baud
1468 4822 1670 4908 necessarium
1700 4825 1773 4910 duxi
1800 4825 1919 4910 plenam
1942 4803 2214 4918 experimentorum

621 4940 802 5004 constituere
825 4939 1075 5023 seriempitaque,
1091 4939 1290 5023 praeterea,
1313 4942 1594 5024 quandeneorosi
1615 4955 1778 5016 extentes
1800 4969 1848 5014 me
1869 4951 1948 5040 tacta
1970 4973 2062 5036 snpra
2084 4976 2216 5024 comme.
