4784 5894
1382 563 1460 639 lto

621 771 726 833 durior
749 771 908 852 effingitur,
930 773 974 835 sie
995 793 1077 834 nora
1098 791 1220 854 quoqne
1242 772 1407 834 substantia
1430 793 1533 848 ossea,
1554 777 1625 852 post
1646 771 1793 832 fracturas
1816 775 1935 845 exorta,
1963 767 2074 830 sensim
2096 767 2220 829 sensim-

620 915 680 977 que
703 896 783 958 intus
806 896 939 973 laxatur,
963 903 1051 978 atque
1073 905 1160 958 extus
1184 895 1214 957 in
1238 897 1381 958 corticem
1410 897 1562 961 duriorem
1592 895 1669 968 abit;
1689 913 1751 977 qua
1778 911 1854 961 uero
1882 893 1976 974 ipsius
2004 893 2084 954 ossis
2101 887 2221 952 &eran

621 1018 752 1098 parietes
775 1022 916 1082 eortieem
940 1027 1095 1082 externum
1118 1023 1265 1096 referunt,
1285 1039 1368 1082 nora
1390 1019 1555 1082 aubstmrtia
1576 1011 1667 1082 ossea
1688 1031 1815 1099 prorsus
1830 1017 2005 1079 erabeseit·
2018 1009 2105 1076 etin
2138 1033 2222 1075 reee-

622 1143 774 1222 ptaeulum
804 1144 968 1206 medullare
998 1145 1083 1226 qnasi
1112 1151 1326 1221 eomnrutatur,
1352 1145 1388 1206 iis
1410 1151 1524 1206 mutum
1545 1143 1639 1222 loeis,
1661 1143 1770 1225 qubus
1792 1143 1882 1204 tubus
1904 1139 2078 1203 medullaris
2100 1145 2219 1220 aperus

624 1273 676 1344 eat,
699 1267 841 1332 corticem
864 1275 1019 1332 externum
1043 1269 1368 1340 ettieturaremauens.

783 1393 894 1458 Similis
918 1395 1112 1456 commutatio
1134 1395 1222 1456 etiam
1246 1393 1277 1454 iu
1300 1393 1389 1468 ealle,
1412 1393 1442 1454 in
1455 1392 1669 1457 exter-nauseis
1682 1388 2020 1471 superficieexsudato,
2033 1387 2221 1460 lieetaeriur,

624 1514 730 1576 existit.
777 1517 810 1578 ln
835 1517 976 1578 cuniculo
997 1517 1126 1598 primum
1150 1517 1379 1599 quadragesimo
1402 1516 1451 1576 die
1473 1515 1505 1576 in
1527 1535 1608 1578 novo
1632 1535 1702 1576 osse
1724 1516 1805 1576 intus
1827 1533 1911 1576 aava.
1924 1509 2102 1577 medullaria
2116 1509 2221 1591 ampli

624 1637 720 1716 ficata,
743 1649 829 1704 extus
853 1641 1023 1706 densiorem
1046 1640 1136 1702 telam
1159 1641 1302 1720 eognori3
1325 1639 1445 1720 singulo
1468 1637 1539 1702 loeo
1562 1641 1660 1718 majus
1683 1659 1807 1714 aarum,
1828 1636 1965 1702 modona·
1979 1638 2045 1716 jan
2065 1635 2222 1716 repletum,

624 1769 761 1824 exortum
786 1772 849 1824 erat
872 1772 916 1838 [v.
939 1767 975 1826 Τ.
997 1766 1020 1826 Ι.
1044 1765 1064 1827 i.
1090 1763 1141 1841 lu,
1163 1764 1209 1838 l).
1260 1766 1334 1828 Post
1355 1763 1431 1826 illud
1453 1769 1572 1843 tempus
1593 1782 1713 1843 semper
1733 1762 1812 1824 haue
1833 1760 2096 1826 commeationem
2129 1758 2221 1822 modo

624 1889 771 1965 majorem
794 1888 887 1950 modo
909 1889 1054 1950 minorem
1084 1887 1256 1960 observatum
1296 1908 1474 1970 quacunque
1501 1907 1583 1949 nora
1613 1885 1779 1950 substantia
1807 1904 1896 1948 ossea
1922 1883 2111 1964 predixerat,
2142 1882 2222 1946 mua

624 2029 700 2071 cava
720 2011 897 2074 medullaria
919 2013 1043 2091 maj0ra,
1066 2019 1152 2074 extus
1175 2011 1286 2074 cortice
1309 2011 1431 2074 duriore
1454 2012 1565 2088 cineta,
1598 2010 1825 2085 exoriebantur3
1847 2028 1942 2091 eaque
1964 2009 2005 2068 ita
2026 2007 2139 2070 suasim
2160 2006 2221 2070 oui-

626 2134 710 2210 baut,
733 2143 766 2196 nt
788 2136 819 2196 iu
841 2137 973 2198 tractura
996 2136 1111 2198 dierum
1133 2136 1201 2198 Lb'l
1225 2135 1321 2228 callus
1344 2136 1375 2196 in
1398 2143 1463 2198 toto
1486 2125 1599 2198 ambitu
1627 2136 1776 2196 tracturae
1798 2153 1906 2210 cavum
1934 2131 2099 2194 medullare
2127 2130 2220 2194 eonti-

623 2278 732 2336 nuum,
754 2260 866 2340 passim
889 2267 1003 2322 tautum
1026 2259 1085 2322 telo
1107 2259 1271 2342 spongiosa
1294 2259 1498 2339 interceptum,
1521 2259 1660 2334 referret,
1695 2259 1783 2337 enjus
1806 2257 1883 2318 alter
1903 2255 2003 2336 paries
2025 2275 2044 2316 a
2065 2253 2220 2336 superficie

624 2379 717 2462 ipeius
741 2382 819 2446 ossis
843 2383 1027 2466 aliquantum
1050 2383 1171 2458 scabra,
1193 2383 1285 2458 alter,
1306 2382 1442 2462 partibus
1464 2381 1607 2444 mollibus
1638 2381 1797 2458 obversus,
1819 2401 1839 2441 a
1860 2375 2123 2442 substantia'ealli
2150 2397 2219 2440 eon·

625 2503 749 2567 densata
772 2505 975 2586 effingebatur.
1019 2507 1104 2568 Finis
1126 2506 1282 2586 fragmenti
1304 2505 1468 2585 superioris
1492 2505 1522 2566 in
1538 2507 1596 2568 boe
1613 2525 1689 2566 eave
1712 2503 1806 2567 libere
1829 2511 1969 2586 tanquam
1984 2503 2120 2579 cubabat,
2142 2505 2220 2582 ejus·

623 2647 684 2710 que
705 2628 795 2692 tubus
817 2629 1000 2708 medullaris,
1023 2631 1133 2713 quippe
1152 2632 1216 2708 jam
1238 2649 1277 2692 ne
1300 2629 1437 2709 proxime
1460 2629 1499 2690 ad
1519 2631 1681 2692 fracturam
1702 2627 1822 2710 quidem
1845 2629 1975 2706 clausus,
1998 2645 2066 2690 oum
2084 2645 2123 2689 eo
2140 2645 2218 2689 eenr-

622 2753 794 2816 mrmionem
817 2753 953 2818 habebat
997 2754 1125 2816 Interius
1146 2773 1220 2814 vero
1232 2754 1438 2834 fragmentum,
1461 2753 1611 2834 superiori
1633 2752 1905 2834 superimpositum,
1926 2753 2023 2834 ipsam
2044 2758 2144 2816 cumen
2157 2757 2218 2814 rano

622 2877 724 2958 gebat,
747 2879 889 2962 tenuique
910 2878 1025 2960 pariete
1048 2897 1139 2940 osseo
1162 2877 1298 2940 clausum
1321 2885 1398 2951 erat3
1420 2885 1581 2960 utrumque
1602 2879 1801 2958 fragmentum
1822 2877 1956 2941 medulla
1984 2896 2059 2946 sana
2083 2874 2218 2957 replebo·

623 3009 679 3078 tur,
703 3022 810 3068 cavum
834 3003 903 3064 calli
926 3003 1109 3084 aliquantum
1133 3001 1271 3064 rubriore
1294 3002 1448 3082 magisque
1471 3002 1575 3063 fluida.

782 3127 886 3216 ltaque
914 3126 1048 3186 intemoe
1078 3125 1283 3188 exsudationie
1312 3125 1355 3186 nil
1385 3125 1561 3208 quidquam,
1584 3144 1620 3186 ac
1647 3145 1687 3186 ue
1714 3131 1831 3207 septum
1861 3125 1981 3206 quidem
2006 3123 2098 3202 illud,
2119 3123 2221 3188 tubum

621 3248 818 3310 medullarem
841 3249 871 3310 in
892 3248 964 3310 loeo
988 3250 1083 3310 fracto
1106 3249 1258 3326 claudens,
1281 3249 1364 3332 quod
1388 3249 1531 3311 Weber
1552 3269 1671 3329 semper
1681 3249 1809 3314 inveniri
1820 3249 1982 3326 contendit,
2004 3257 2147 3325 remanet,
2166 3247 2221 3310 sed

621 3391 748 3454 prorsus
776 3373 941 3449 evanescit,
964 3373 1205 3456 quandocmrqne
1226 3363 1330 3434 tubum
1354 3373 1549 3434 medullarem
1572 3373 1650 3436 ossis
1677 3374 1795 3453 pristini
1817 3393 1836 3434 a
1863 3391 1941 3436 earo
1970 3371 2039 3436 calli
2069 3371 2219 3436 disceruit

620 3495 714 3578 quue
737 3496 768 3558 iu
792 3496 851 3562 alia
874 3497 961 3560 etiam
985 3497 1116 3558 tractura
1138 3495 1340 3573 animadverti,
1362 3516 1489 3576 prorsus
1508 3499 1573 3576 jam
1595 3502 1716 3574 sauata,
1738 3516 1830 3578 quum
1852 3497 2023 3576 cuniculum
2042 3494 2221 3576 ,experiundi

621 3639 714 3684 eausa
735 3621 886 3698 eruebam,
908 3627 954 3698 ut,
978 3628 1089 3704 quanto
1114 3625 1182 3682 ante
1205 3627 1340 3700 tempore
1370 3620 1501 3682 fractura
1530 3621 1688 3698 exstiterit,
1722 3620 1829 3682 afferre
1861 3639 2018 3701 nequeam.
2075 3619 2221 3689 Frentum

620 3753 735 3828 partem
747 3747 825 3810 ossis
848 3745 1019 3809 inferiorem
1039 3745 1200 3819 obtinebat,
1223 3749 1312 3826 atque
1324 3763 1458 3824 prorsus,
1481 3743 1649 3820 licetmale‚
1661 3751 1767 3806 sanata
1781 3744 1955 3824 apparebat.
1980 3749 2023 3820 (v.
2037 3746 2071 3806 T.
2084 3743 2107 3806 L
2119 3744 2139 3806 i.
2153 3743 2219 3826 11).

620 3869 800 3948 Fragmenta
823 3871 900 3931 iuter
922 3890 954 3932 se
978 3868 1208 3932 continebantur
1230 3867 1310 3933 callo
1333 3887 1444 3949 magno
1457 3867 1500 3951 (c.
1527 3870 1579 3949 u),
1602 3875 1689 3930 extus
1712 3867 1856 3930 corticem
1877 3869 2012 3944 demum,
2035 3867 2153 3946 durum,
2173 3867 2219 3934 iu-

622 3997 669 4052 tus
693 3990 797 4068 plures
818 3991 943 4054 cellulas
966 4011 1103 4070 magnas,
1126 3992 1204 4054 inter
1225 4011 1259 4052 se
1282 3993 1474 4072 conjunctas,
1495 3990 1688 4073 medullaque
1710 4011 1803 4070 staura,¹
1823 4011 1841 4054 a
1862 3991 1978 4074 reliqua
2005 4009 2133 4071 prorsus.
2159 4009 2219 4062 uon

622 4112 776 4176 differente
799 4113 929 4196 repletas
953 4113 1118 4175 exhibente.
1166 4113 1287 4178 Canalia
1312 4114 1467 4194 fragmenti
1490 4113 1641 4178 interioria
1665 4135 1735 4180 eum
1757 4135 1833 4179 eave
1858 4115 1929 4196 calli
1948 4135 2076 4197 prorsus
2104 4115 2220 4181 conun-

621 4235 716 4316 gebat,
739 4237 874 4320 septique
898 4237 985 4301 loeus
1008 4255 1155 4318 processu
1177 4236 1228 4298 rix
1251 4238 1446 4318 percipiendo
1470 4237 1519 4323 (e)
1544 4237 1764 4318 designabatur.

781 4357 888 4442 Neque
912 4361 1010 4424 solum
1033 4367 1150 4441 septum
1174 4379 1212 4422 ex
1235 4379 1315 4422 nova
1336 4362 1504 4426 substantia
1526 4384 1615 4431 ossea
1638 4365 1777 4442 eructum,
1807 4363 1833 4426 si
1856 4362 1918 4428 duo
1937 4381 2023 4437 ,qava
2044 4361 2221 4429 medullaria

621 4481 758 4560 eeoemit,
781 4483 835 4544 sed
858 4483 947 4546 etiam
969 4483 1134 4548 substantia
1156 4485 1251 4566 ipsius
1275 4485 1354 4549 ossis
1377 4486 1502 4566 pristini,
1526 4487 1552 4550 si
1576 4508 1719 4551 carorum
1743 4487 1985 4564 communionem
1999 4485 2130 4568 impedit,
2152 4505 2220 4550 aeu-

621 4607 677 4670 sim
700 4605 860 4670 evanescit.
907 4606 958 4666 Sic
979 4606 1010 4668 in
1033 4608 1172 4685 tractura,
1195 4608 1232 4670 de
1255 4629 1315 4691 qua
1337 4609 1475 4690 proxime
1498 4611 1575 4688 dixi,
1597 4611 1686 4687 tubus
1709 4609 1883 4676 medullaris
1904 4610 2061 4690 tregrueuti
2083 4609 2219 4692 superio·

621 4729 662 4794 ris
686 4732 735 4812 (a)
760 4729 1000 4796 communionem
1024 4729 1144 4812 quidem
1165 4733 1301 4803 uoudum
1323 4733 1388 4794 iniit
1418 4753 1486 4794 enm
1517 4753 1594 4795 oavo
1624 4733 1711 4812 calli,
1729 4733 1784 4798 sed
1811 4735 1843 4797 in
1866 4733 1921 4818 (d)
1944 4733 2044 4814 paries
2073 4733 2152 4797 oa'eis
2180 4735 2220 4796 ita

617 4857 682 4938 jur
705 4859 873 4916 attenuatus
896 4863 1034 4936 apparet,
1057 4859 1090 4916 ut
1112 4873 1180 4916 eum
1202 4874 1285 4927 mox,
1294 4862 1475 4935 perruptum
1497 4855 1535 4922 iri
1556 4859 1724 4938 exspectati
1747 4857 1863 4930 debeat.
1906 4857 2011 4940 anue
2040 4876 2089 4918 res
2119 4857 2218 4920 itidem

620 4983 796 5061 argumento
819 4983 956 5056 estnon
978 4979 1048 5044 ideo
1072 4999 1250 5046 evanescere
1272 4987 1420 5060 sepmme
1436 4979 1560 5062 materie
1582 4981 1662 5046 inus
1685 4981 1830 5055 exsudata
1845 4982 1990 5056 relicuum,
2013 4979 2095 5064 qnod
2112 4999 2218 5046 reeens
