4856 5896
1004 555 1062 641 di

231 779 401 850 macerato,
431 773 570 838 lamellae
594 774 734 856 singulae
762 773 880 855 sejungi
902 783 1045 855 possuut;
1072 776 1103 836 id
1126 776 1208 858 quod
1230 778 1399 838 Deutscb
1422 763 1563 840 facillime
1584 777 1649 842 lieri
1671 779 1784 844 invenit
1806 782 1838 842 in

230 897 697 978 ossibnslongisextremitatum,
719 900 750 960 in
773 897 978 980 phalangibus,
1000 901 1100 974 costis,
1123 901 1152 961 in
1176 901 1295 962 oesiam
1318 901 1411 962 cranii
1433 908 1464 962 et
1485 902 1517 964 in
1539 901 1663 964 martille
1686 904 1837 980 brieriere,

229 1039 286 1102 spo
309 1021 340 1083 iu
363 1021 474 1084 lamina
498 1022 595 1084 nitrea
617 1023 730 1084 ossium
753 1023 848 1086 manli
870 1029 901 1084 et
923 1023 1125 1103 insuperlicie
1148 1033 1272 1085 externa
1290 1024 1409 1086 ossmni
1429 1024 1600 1105 longorum.
1645 1025 1748 1088 Multo
1760 1046 1837 1090 vero

228 1145 335 1208 melius
364 1165 401 1206 ao
430 1145 611 1208 laudatitias
639 1162 729 1227 qnam
759 1147 791 1207 iu
821 1146 954 1221 beluina,
982 1146 1056 1208 baec
1083 1147 1234 1227 separabo
1261 1148 1297 1208 lit
1324 1149 1356 1208 in
1384 1148 1503 1211 ossibus
1532 1148 1681 1212 babulesis
1709 1149 1835 1214 badum

227 1271 302 1332 Pars
324 1289 341 1330 e
364 1269 464 1331 medio
486 1271 600 1331 femore
622 1268 709 1331 bovis
732 1269 826 1330 adulti
848 1289 934 1332 serra
955 1278 1080 1345 exemia,
1103 1277 1263 1353 postquam
1285 1291 1341 1350 per
1363 1271 1477 1352 aliquot
1498 1271 1564 1334 dies
1585 1272 1616 1334 in
1639 1273 1727 1337 addo
1757 1292 1834 1340 nant.

226 1393 300 1456 satis
322 1383 516 1455 concentr'ato
535 1394 681 1473 jacuerat,
704 1392 802 1472 primo
825 1391 943 1455 intuitui
965 1389 1103 1455 lamellas
1125 1393 1348 1469 concentricas‚
1371 1394 1408 1455 ab
1423 1393 1552 1458 invicem
1574 1403 1727 1477 separatas
1751 1397 1834 1458 exiri-

225 1515 329 1590 bebat;
351 1535 428 1598 qnae
449 1517 487 1578 iis
509 1515 594 1592 locis,
617 1515 725 1598 quibus
748 1515 944 1578 tenuissimus
961 1522 1027 1578 erat
1049 1517 1128 1579 ossis
1150 1519 1258 1597 paries,
1282 1524 1375 1580 totam
1398 1519 1466 1598 ejus
1487 1519 1651 1581 crassitiem
1672 1519 1833 1600 amplecte·
1905 1535 1908 1542 ·

224 1641 346 1714 bantur,
369 1639 440 1702 dum
466 1639 537 1702 loeo
560 1639 702 1719 opposito
725 1639 912 1702 crassissimo
943 1639 1036 1702 librae
1065 1640 1249 1721 apparebant
1277 1641 1371 1721 magis
1394 1641 1591 1718 convolutae,
1620 1634 1832 1724 in'superficie

224 1771 339 1826 mtmu
363 1771 487 1824 extem
505 1761 635 1824 lamellis
654 1762 811 1824 obductae.
858 1762 1017 1840 Lamallae,
1041 1783 1059 1825 a
1076 1763 1178 1844 priore
1189 1764 1244 1826 illo
1265 1763 1337 1826 loco
1349 1765 1387 1824 ad
1410 1763 1535 1828 alterum
1548 1783 1599 1828 eas
1614 1766 1831 1848 persequendo,

224 1887 307 1950 ibris
329 1885 520 1968 interpositis,
543 1905 670 1948 numero
692 1905 798 1948 versus
820 1884 923 1949 locum
946 1888 1124 1949 crassiorem
1148 1887 1361 1962 crescentibus,
1383 1889 1468 1970 quasi
1491 1887 1626 1950 distineri
1641 1887 1830 1966 videbantur,

224 2031 260 2073 aa
281 2011 401 2073 tandem
423 2029 549 2091 prorsus
579 2011 642 2072 iere
665 2027 737 2091 prae
759 2009 902 2070 librarum
925 2011 1014 2090 copia
1036 2009 1268 2084 ea·auescebant;
1298 2018 1426 2073 attamen
1456 2012 1571 2074 cautim
1594 2013 1712 2092 agendo
1742 2031 1829 2094 sepa-

223 2135 301 2196 ratio
329 2153 384 2215 per
411 2134 502 2196 libras
525 2135 613 2195 etiam
643 2135 709 2196 lieri
731 2140 859 2214 poterat.
906 2133 1003 2194 Etiam
1026 2133 1063 2195 iis
1087 2132 1162 2196 loeis
1185 2133 1293 2215 quibus
1315 2133 1454 2194 lamellae
1477 2141 1558 2196 arete
1581 2137 1760 2214 conjunctae
1782 2136 1828 2196 vi·

222 2258 383 2333 debentur,
413 2257 538 2319 librillas
569 2257 727 2320 observavi
749 2265 863 2332 tenues,
886 2263 1004 2331 teretes,
1027 2257 1065 2317 ad
1087 2255 1304 2338 longitudinem
1326 2257 1527 2334 decurrentes,
1550 2258 1663 2320 colotis
1686 2259 1826 2322 iuseioris

221 2382 349 2442 assatis
372 2380 493 2456 solidas,
517 2401 594 2462 quae
617 2381 728 2461 passim
751 2379 887 2443 lamellas
907 2380 1113 2461 perforabant,
1143 2385 1232 2461 atque
1263 2379 1343 2440 haud
1366 2378 1455 2441 dubie
1478 2379 1556 2441 idem
1580 2385 1650 2442 sunt
1672 2401 1740 2443 ctam
1763 2382 1825 2444 ela-

220 2503 338 2579 viculis,
367 2525 385 2565 a
417 2503 621 2584 Gagliardi
652 2503 822 2585 descriptis,
852 2523 909 2566 nee
928 2504 1105 2566 uairruscunr
1127 2503 1219 2579 fibris,
1242 2523 1317 2586 quas
1341 2502 1487 2565 Medici
1510 2501 1681 2567 obsen'aait
1738 2506 1826 2585 ipsae

220 2628 357 2690 lamellae
380 2648 438 2708 ope
462 2647 570 2689 acuum
593 2627 763 2689 tenuiorum
793 2627 823 2687 iu
845 2627 934 2706 plura
956 2626 1062 2690 foliola
1085 2627 1258 2689 tenuissima
1280 2627 1371 2688 dividi
1394 2633 1546 2707 poterant,
1578 2633 1667 2710 atque
1689 2625 1745 2690 sub
1768 2627 1823 2689 mi-

219 2753 379 2833 croscopio
402 2750 516 2813 loliolls
539 2750 624 2812 denis
647 2750 685 2811 ad
707 2749 855 2811 duodenis
879 2750 1063 2832 compositae
1087 2747 1281 2830 apparebant.

374 2871 574 2935 Larnellaruua
608 2871 892 2955 simplicissimorum
922 2889 998 2952 qnae
1028 2870 1067 2932 sit
1093 2875 1224 2945 textu-a,
1255 2877 1285 2931 et
1314 2871 1467 2952 quomodo
1497 2872 1574 2934 inter
1595 2893 1628 2936 se
1647 2876 1821 2953 jungantur,

219 3019 265 3059 auc
287 3017 350 3059 non
372 2997 561 3080 perspexisse
584 2995 671 3057 facile
694 2997 853 3068 confiteor;
876 3013 1054 3077 persuasum
1076 3001 1174 3054 temen
1197 2993 1267 3055 mihi
1290 3003 1341 3070 est,
1364 3013 1421 3055 nec
1443 2993 1611 3076 parallelis,
1633 3015 1690 3058 nec
1712 2996 1819 3057 retium

219 3121 350 3183 adinstar
372 3119 557 3203 complicatis
580 3139 631 3181 eas
654 3119 778 3180 conflari
801 3116 926 3180 iibrillis.
972 3118 1141 3179 Deutseb
1164 3115 1349 3179 canaliculos
1368 3117 1544 3182 innumeros
1567 3126 1755 3181 nausversos
1774 3119 1819 3180 in-

218 3251 263 3306 ter
283 3243 419 3306 lamellas
441 3243 634 3327 iraterpositos
657 3262 731 3317 esse,
754 3262 866 3323 eosque
888 3249 951 3304 tunt
970 3239 1133 3321 jungendis
1156 3240 1285 3303 latuellis
1314 3247 1377 3302 tuna
1405 3240 1551 3304 calcariae
1574 3241 1750 3304 diverticulo
1773 3243 1818 3304 iu-

217 3369 328 3431 servire
358 3369 530 3442 arbitratur;
561 3385 631 3429 osse
660 3367 739 3428 enim
767 3365 901 3428 emollito
930 3373 960 3427 et
981 3387 998 3427 e
1020 3373 1192 3428 uunverso
1215 3371 1372 3450 persecato
1393 3363 1489 3426 lineas
1512 3364 1682 3428 observavit
1705 3375 1817 3440 tenues,

217 3491 331 3570 breves,
354 3491 491 3554 radiatim
514 3491 552 3552 ab
575 3510 637 3552 nna
659 3489 731 3552 stria
753 3489 944 3551 concentriea
967 3489 1006 3551 ad
1027 3489 1152 3551 alteram
1174 3497 1375 3566 transeuntes;
1402 3496 1491 3571 atque
1519 3487 1655 3552 lamellas
1678 3481 1817 3551 enuissil

216 3635 280 3679 mas
309 3615 461 3699 brquirens
487 3621 599 3698 puncta
626 3613 699 3676 vidit
731 3613 853 3692 exigua,
882 3614 1024 3689 conferta,
1052 3611 1260 3692 triaugtderia,
1283 3614 1427 3676 dbfinctis
1451 3612 1560 3676 linibus
1583 3613 1815 3696 circunscripta,

216 3758 293 3822 quae
320 3747 404 3822 putat
431 3737 577 3801 foramina
606 3757 672 3800 esse
700 3736 846 3819 lineisque
875 3736 934 3798 illis
963 3733 1103 3798 maedus
1132 3735 1327 3817 respondere.
1372 3735 1479 3798 Lineas
1507 3737 1561 3798 has
1584 3737 1692 3796 breves
1713 3735 1743 3797 in
1766 3755 1813 3798 se-

214 3863 314 3925 ctione
336 3862 542 3937 transversali,
570 3859 638 3923 luce
661 3867 691 3921 et
712 3859 918 3940 microsoopiis
941 3857 1068 3920 admotis
1091 3857 1267 3933 fortissimis,
1290 3866 1321 3919 ct
1342 3857 1405 3940 ipse
1425 3857 1499 3929 'vidi;
1529 3825 1712 3940 apparebant
1734 3857 1812 3920 emm

212 3995 324 4070 puncta
346 3985 461 4067 exigua,
485 4004 588 4068 opaca,
611 3981 823 4044 intermedias
845 3980 981 4044 lamellas
1004 3979 1174 4058 obtinentia,
1202 4001 1299 4063 neque
1322 4001 1395 4042 vero
1419 3985 1511 4042 totam
1539 4001 1643 4043 aarum
1672 3981 1811 4044 crassitu-

214 4111 311 4172 dinem
334 4109 521 4192 occupantia,
543 4107 650 4190 quibus
672 4105 770 4181 fiebat,
792 4113 825 4166 ut
846 4103 922 4166 radii
945 4125 964 4165 a
985 4111 1088 4166 centro
1112 4103 1348 4166 emralrculorum
1370 4103 1409 4165 ad
1430 4091 1628 4187 peripheriam
1641 4123 1810 4185 areaepro-

213 4253 332 4296 currere
353 4233 534 4296 viderentur.
580 4229 748 4307 Foliolurn,
778 4227 815 4290 ab
845 4245 915 4290 osse
943 4225 997 4288 illo
1024 4225 1138 4290 bovino
1159 4233 1345 4311 separatum,
1376 4235 1464 4308 atque
1488 4213 1528 4288 ita
1550 4235 1638 4289 tenue
1660 4233 1692 4288 et
1711 4225 1808 4310 pellu-

212 4375 290 4434 ceus,
312 4363 347 4419 nt
368 4357 406 4418 in'
421 4375 499 4438 aqua
520 4353 654 4439 pendens
677 4351 775 4416 oeulis
798 4352 887 4414 nudis
909 4350 959 4412 vix
982 4349 1096 4434 percipi
1117 4356 1228 4433 posset,
1253 4349 1309 4412 sub
1332 4350 1532 4432 microscopio
1554 4351 1674 4433 punctis
1697 4351 1807 4413 tennis

211 4481 301 4556 simis,
323 4477 428 4541 ordine
451 4478 611 4561 dispositis
633 4479 812 4541 insmretum
836 4471 1006 4558 apparebat.
1052 4477 1138 4554 Quae
1160 4473 1232 4554 qnid
1253 4471 1388 4548 valeant,
1410 4471 1547 4554 equidem
1570 4473 1734 4552 dijudicare
1745 4493 1806 4536 non

210 4601 323 4675 audeo;
346 4599 505 4664 observavi
526 4621 563 4662 ea
584 4601 614 4662 in
637 4599 751 4663 foliolis
773 4599 886 4662 sedibus
908 4614 970 4658 non
993 4595 1125 4679 privatis,
1147 4613 1204 4657 nee
1225 4595 1323 4656 minus
1346 4593 1376 4656 in
1399 4595 1443 4672 iis,
1467 4615 1595 4678 qnorum
1616 4605 1717 4680 partes
1739 4617 1805 4658 car-

208 4721 385 4805 tilam‘nosae
407 4723 524 4806 liquore
546 4721 608 4785 lali
630 4729 724 4785 caust
748 4719 865 4784 iervido
887 4715 1005 4784 solutae
1029 4725 1127 4792 erant3
1151 4705 1296 4801 apparent
1313 4717 1379 4799 jam
1401 4718 1433 4780 in
1455 4717 1628 4799 cartilagine
1648 4719 1805 4802 primitiva,

208 4850 251 4914 ita
270 4847 407 4932 quidem,
434 4854 469 4908 nt
494 4845 532 4906 ab
558 4845 615 4907 bac
641 4843 795 4908 inlocum
817 4838 1030 4908 ossilieanrlum
1052 4848 1219 4918 nmsemt,
1248 4847 1278 4904 at
1299 4843 1491 4922 granulosam
1514 4841 1541 4904 ei
1563 4842 1712 4924 quandam
1734 4856 1802 4924 spe-

208 4973 284 5042 ciem
305 4971 437 5048 irrdnurt,
459 4969 569 5054 qnippe
591 4979 716 5053 propter
736 4974 878 5035 minuam
898 4967 1132 5051 pallaciab'tntern
1153 4963 1335 5028 luculentias
1356 4965 1391 5028 in
1409 4965 1518 5028 oorrlos
1540 4965 1736 5038 numanae
1758 4995 1802 5010 -
