4856 5896
1010 581 1062 658 35

231 787 295 852 lem
315 787 513 853 medidies-em
534 791 647 854 ossium
668 791 830 872 longorum
852 791 1039 855 circumdari
1085 791 1212 873 Semper
1232 797 1304 856 octo
1326 792 1365 855 ad
1387 791 1547 858 duodecim
1568 795 1658 859 strias
1674 783 1837 879 marginem

234 919 369 976 maeatas
389 913 559 992 chamavi,
579 915 754 999 priusquam
775 915 895 998 singula
915 917 1064 980 foramina
1078 937 1147 980 curn
1162 917 1240 980 areis
1255 917 1447 1000 apparebant,
1468 919 1582 1000 passim
1596 925 1712 984 tannim
1724 921 1836 986 canali-

226 1035 310 1100 -eulia
333 1055 353 1099 a
373 1035 500 1100 circuitu
522 1039 600 1102 casis
622 1037 662 1100 ad
684 1041 819 1102 cmtru'm
841 1040 1062 1105 transeuntibus
1085 1047 1174 1124 atque
1196 1061 1265 1103 cunr
1288 1041 1435 1124 aperturis
1457 1041 1517 1105 illis
1541 1045 1769 1109 cohaerentibus
1792 1047 1836 1108 in-

231 1151 414 1244 umes·

183 1289 189 1306 '
400 1285 494 1347 Facta
515 1285 649 1350 motione
671 1281 881 1368 longimdinnli
901 1281 1009 1352 ¹itidem
1027 1288 1102 1352 tales
1124 1289 1216 1351 striae
1238 1295 1391 1373 apparent,
1415 1309 1542 1373 quarum
1564 1294 1663 1372 major
1684 1311 1755 1376 pars
1770 1293 1837 1356 lon-

233 1377 397 1488 gitudinem
418 1410 498 1472 ossis
520 1411 724 1492 persequimr3
752 1411 912 1473 canaliculi
934 1429 1055 1494 qnoque
1078 1419 1255 1489 cenruntnr,
1278 1413 1405 1474 eandem
1427 1415 1505 1476 viam
1529 1423 1758 1497 persequentes,
1787 1418 1837 1500 qui

233 1531 282 1594 vel
306 1552 323 1592 a
345 1533 498 1613 pronmdo
520 1532 706 1614 pelluceutes
727 1533 778 1596 vel
801 1554 927 1616 prorsus
951 1535 1047 1615 aperti
1068 1536 1156 1598 strias
1178 1534 1411 1616 longitudinales
1432 1555 1495 1599 non
1518 1539 1752 1623 interrumpunt,
1777 1541 1837 1602 siu-

232 1655 311 1736 gulis
332 1675 407 1719 reru
428 1655 506 1718 locis
527 1657 663 1720 sectione
683 1657 779 1740 aperti
801 1657 919 1720 aunulm
942 1660 1083 1722 striarum
1105 1659 1311 1736 conceutricis,
1332 1678 1477 1743 perquam
1499 1661 1686 1744 prolongatis
1709 1664 1836 1726 circum-

232 1778 343 1842 tmmr
369 1779 449 1863 (sig.
473 1781 525 1844 Vl.
549 1801 574 1843 c
596 1783 651 1862 c).
695 1781 733 1844 lli
762 1781 882 1844 canales
904 1781 982 1843 inter
1002 1784 1223 1862 sejunguntur
1251 1781 1318 1844 aliis
1346 1783 1515 1860 canalibus,
1544 1805 1561 1846 e
1588 1791 1759 1849 transverso
1788 1789 1837 1848 sel

232 1901 409 1987 obliquoad
430 1904 600 1984 proximum
621 1923 770 1987 quemque
791 1897 1026 1979 transcuntibum
1049 1903 1156 1988 quibus
1179 1903 1302 1968 omnino
1325 1907 1443 1989 apertis,
1464 1907 1560 1984 strias,
1583 1928 1660 1990 quae
1678 1911 1767 1989 juxta
1789 1930 1838 1972 ca-

234 2027 320 2090 nales
341 2027 573 2108 longitudinales
595 2029 712 2112 poeitae
734 2035 818 2104 sunt,
848 2026 965 2090 deflecti
993 2035 1082 2111 atque
1104 2027 1225 2090 canales
1247 2035 1437 2092 transversos
1460 2032 1545 2112 sequi
1567 2031 1713 2095 videmus.
1752 2033 1834 2096 Raro

234 2156 356 2228 tanturn,
378 2151 512 2214 sectione
533 2150 743 2232 longitudinali
765 2153 851 2228 iacta,
874 2157 1032 2235 aperturae
1054 2151 1202 2214 rotundae
1224 2150 1498 2232 deprehenduntur;
1521 2154 1576 2230 sin,
1600 2163 1629 2214 et
1640 2155 1724 2236 ipsae
1736 2175 1837 2218 aream

234 2273 317 2336 illam
345 2295 368 2354 e⁸
391 2275 470 2338 striis
498 2273 697 2338 coneentricis
718 2275 879 2337 condatum
901 2274 1050 2338 exhibent.
1074 2309 1117 2322 ·-
1140 2275 1308 2351 Praeterea,
1337 2274 1536 2357 qualicunque
1558 2276 1676 2339 ratione
1699 2278 1836 2341 substan-

235 2397 305 2462 tiam
326 2417 447 2461 osseam
468 2397 660 2483 inquitisum,
689 2399 872 2482 corpuscula
894 2405 1040 2480 apparent
1061 2408 1165 2473 ovata,
1194 2397 1334 2479 utrinque
1364 2399 1547 2476 acuminata,
1576 2419 1653 2482 quae
1684 2400 1836 2482 aliquanto

234 2521 365 2585 iusciora
387 2530 458 2586 suut
478 2543 569 2606 qnam
589 2523 705 2605 reliqua
727 2519 900 2598 edestantia,
922 2519 1009 2584 nullo
1031 2541 1105 2584 vero
1128 2527 1212 2584 certo
1235 2520 1341 2582 ordine
1363 2521 1516 2602 disposita,
1537 2523 1596 2584 nisi
1618 2523 1701 2606 quod
1725 2523 1836 2586 diame-

233 2649 298 2708 tros
319 2644 545 2727 longitudinalis
566 2646 705 2708 striarum
726 2645 902 2729 plerumque
924 2645 1059 2726 sequitur
1081 2665 1211 2705 cursum.

397 2769 538 2848 segmina
567 2788 586 2829 a
614 2765 774 2848 superficie
804 2772 926 2827 externa
948 2772 1086 2846 separata
1107 2765 1180 2826 uilail
1202 2765 1341 2826 exhibent
1361 2775 1528 2829 memoratu
1551 2769 1688 2848 diguum3
1718 2780 1837 2855 apertu-

235 2911 302 2967 rae,
331 2909 408 2974 quae
435 2891 548 2973 passim
570 2889 724 2973 dispersae
746 2893 918 2966 occurrunt,
939 2887 1041 2949 itidem
1063 2887 1143 2949 striis
1166 2886 1379 2963 conceutricis,
1410 2887 1508 2949 minus
1538 2899 1636 2951 tanmu
1664 2894 1837 2968 manifestis,

235 3014 469 3088 drcmudautur3
491 3012 732 3096 necquidquam
753 3019 923 3094 praeterea,
952 3010 1010 3072 nisi
1037 3009 1218 3093 corpuscula
1240 3009 1302 3086 illa,
1330 3009 1427 3072 oculis
1450 3010 1591 3092 distingui
1612 3019 1720 3096 potest
1767 3020 1838 3097 Quo

236 3139 325 3202 altius
346 3157 420 3201 vero
443 3138 478 3200 fit
498 3137 657 3213 mscisdc,
687 3155 725 3198 ec
754 3135 849 3216 magis
879 3153 977 3217 eoque
1003 3133 1185 3196 luculentius
1214 3133 1334 3196 canales
1361 3132 1405 3195 illi
1434 3133 1666 3216 longimdinales
1689 3127 1839 3221 striaeque

238 3283 292 3326 ecs
314 3261 565 3340 conmanentes,
589 3261 681 3345 plane
707 3259 796 3336 tales,
824 3258 928 3341 quales
956 3258 987 3320 iu
1015 3257 1149 3321 sectione
1170 3256 1381 3338 longitudinali
1403 3267 1595 3322 occurrentes
1618 3260 1838 3344 descripsimus,

238 3355 389 3472 appareat.

398 3511 484 3574 Patet
510 3509 618 3591 igitur,
652 3509 774 3572 tubulos
802 3509 917 3571 ossium
945 3506 1108 3588 longorum
1136 3505 1262 3569 conflari
1291 3505 1399 3589 partim
1421 3525 1439 3568 e
1460 3505 1579 3572 laminis
1601 3509 1740 3572 teumbus
1763 3525 1840 3593 quae

238 3636 344 3701 ordine
365 3635 557 3712 coucenlaico
580 3640 676 3696 totum
698 3653 734 3697 os
757 3632 898 3709 ambiunt,
919 3631 1027 3714 partim
1050 3651 1069 3692 e
1090 3637 1250 3711 systemate
1275 3627 1519 3709 canaliculorum,
1542 3631 1594 3713 qui
1616 3639 1646 3692 et
1664 3631 1721 3713 ipsi
1736 3633 1839 3695 lamel-

238 3761 278 3824 lis
299 3759 497 3824 concentn'cis
519 3758 742 3821 circumdantur
764 3763 853 3840 atque
876 3754 955 3815 inter
974 3752 1101 3816 laminas
1123 3753 1191 3816 illas
1213 3752 1330 3834 priores
1352 3759 1565 3832 procurrentes
1589 3771 1700 3835 easque
1731 3757 1840 3835 passim

238 3885 426 3970 perforantes
453 3891 518 3946 rete
546 3883 736 3945 conformant
756 3878 959 3952 maculamur,
987 3895 1115 3958 quarum
1142 3877 1241 3954 quor
1269 3874 1431 3936 diametros
1461 3874 1500 3936 ad
1523 3874 1739 3955 longitudinem
1762 3880 1839 3941 ossis

239 4006 352 4072 directa
373 4016 427 4072 est

399 4133 512 4196 Similis
546 4137 593 4194 est
626 4127 705 4193 ratio
739 4127 771 4189 ln
798 4126 906 4190 ceteris
932 4124 1074 4186 omuibus
1103 4122 1231 4186 ossibus.
1277 4123 1356 4184 Osse
1384 4123 1481 4184 cranii
1506 4142 1523 4183 e
1546 4130 1718 4186 transverso
1741 4143 1842 4207 perse-

241 4265 323 4338 cato,
351 4257 384 4322 iu
412 4257 525 4320 cortice
552 4259 709 4336 compacto
733 4257 878 4335 apparent
899 4249 990 4312 stu-iae
1012 4247 1178 4310 secundum
1199 4245 1363 4326 marginem
1392 4245 1600 4345 decurrentes,
1630 4253 1660 4307 et
1688 4246 1766 4310 inter
1793 4269 1844 4312 eas

241 4389 397 4469 aperturae
418 4381 514 4461 magis
535 4380 671 4442 nriuuave
699 4393 904 4458 compressae,
932 4371 1079 4455 lineisque
1101 4368 1297 4434 ceucentricis
1320 4366 1519 4430 circumdatae
1543 4368 1626 4453 (mg.
1650 4371 1717 4433 Vll.
1741 4393 1767 4438 e.
1792 4371 1843 4454 c),

239 4507 412 4594 passimque
439 4503 613 4566 mnaliculis
642 4503 720 4564 iuter
746 4519 780 4562 se
808 4499 1000 4578 conjunctam
1034 4495 1160 4579 propius
1190 4493 1229 4554 ad
1256 4491 1378 4574 diploiu
1401 4491 1576 4555 accedentes
1599 4493 1698 4556 subito
1722 4515 1844 4576 magno·-

238 4647 312 4716 pere
334 4634 481 4707 augentur
502 4633 674 4710 aperturae,
704 4624 792 4687 lineis
820 4629 920 4683 tarneu
949 4618 1147 4684 concentricis
1169 4625 1199 4679 et
1221 4617 1304 4699 ipsae
1326 4616 1497 4697 cinguntur,
1519 4623 1581 4678 tam
1602 4617 1680 4679 inter
1701 4637 1734 4680 se
1757 4637 1845 4704 quam

240 4773 311 4820 mm
333 4750 481 4836 aperturis
503 4749 564 4811 illis
586 4749 751 4813 minoribus
774 4745 1001 4809 communiones
1022 4744 1126 4804 ineunt
1149 4741 1229 4824 (urg.
1240 4739 1307 4804 Vll.
1330 4739 1359 4804 d.
1384 4741 1436 4819 e),
1458 4757 1494 4801 ec
1517 4739 1646 4822 denique
1668 4741 1762 4822 magis
1784 4762 1847 4804 ma·

176 4915 186 4924 -
241 4879 346 4963 pieque
369 4881 473 4938 auctae
494 4873 575 4957 ipsae
597 4869 690 4932 celles
713 4869 829 4952 diplois
851 4867 1024 4933 coniciunt.
1070 4865 1182 4942 Cellae,
1204 4866 1283 4928 lacta
1303 4864 1437 4927 sectiom
1457 4870 1519 4928 tam
1539 4861 1748 4944 longitudinali
1761 4879 1851 4947 quam

242 4999 437 5076 tormentati,
466 5003 621 5082 aperturas
650 4991 794 5057 extubmr
811 5007 950 5074 magnas,
979 4991 1135 5072 oblongas,
1165 4989 1245 5052 mss
1269 4987 1476 5051 concentricls
1498 4987 1619 5050 cinctas
1663 4988 1698 5050 ln
1720 4987 1853 5052 scoticum

1473 5107 1523 5172 ,μ
