4856 5896
1392 574 1445 652 48

617 791 761 872 sulphur„
784 789 949 852 secundum
970 785 1202 866 Berzelinm‚
1225 804 1332 848 revera
1354 785 1473 850 ossibus
1495 803 1558 851 non
1580 784 1672 864 inest,
1701 803 1758 851 nec
1778 785 1838 851 nisi
1860 784 2066 852 combustione
2090 786 2216 870 snlpbu·

617 915 667 990 rio,
689 914 773 996 quod
795 913 982 975 contincatur
1005 911 1187 991 cartilagine,
1212 911 1359 974 exoritur.

778 1035 967 1116 Cartilaginis
990 1035 1029 1096 ad
1051 1041 1153 1116 partes
1176 1041 1289 1097 terreas
1311 1034 1477 1117 harumque
1499 1034 1577 1095 inter
1598 1052 1632 1095 se
1655 1031 1760 1096 eadem
1782 1039 1827 1096 cst
1849 1033 1992 1115 ponderis
2013 1033 2090 1097 ratio
2103 1034 2219 1096 insub-

616 1161 725 1221 stantia
746 1159 910 1241 spongiosa
933 1166 1022 1240 atque
1045 1159 1076 1223 iu
1099 1157 1213 1220 cortice
1236 1157 1332 1234 duro,
1362 1157 1460 1220 differt
1481 1175 1555 1220 vero
1578 1157 1609 1218 in
1630 1157 1722 1220 variis
1753 1155 1930 1220 animalibus
1960 1177 1996 1219 ac
2026 1176 2083 1238 pro
2112 1157 2219 1218 aetatis

616 1283 773 1362 varietate,
804 1288 833 1344 ct
861 1281 1053 1344 multifariam
1081 1280 1219 1361 pluribus
1250 1280 1430 1364 quibusdam
1458 1280 1572 1343 morbis
1601 1285 1741 1343 mcum.
1800 1279 1973 1343 Quadam
2000 1279 2219 1342 Berzelium

617 1426 688 1468 ossa
710 1426 817 1472 recens
839 1406 950 1468 siccata
972 1405 1125 1467 continent

1418 1527 1450 1588 in
1469 1522 1606 1590 bomine:
1981 1528 2012 1588 in
2035 1527 2127 1588 bove:
2147 1514 2155 1522 ⁶

1452 1653 1603 1855 }ss,so
1650 1741 1688 1766 ..
1704 1744 1982 1765 ......
2023 1699 2128 1780 asso.

618 1652 809 1732 Cartilagiuis
832 1671 911 1734 aqna
932 1650 1070 1714 solubilis
1117 1695 1124 1712 .
1169 1696 1177 1710 .
1224 1696 1231 1711 .
1277 1697 1284 1711 .
1330 1647 1429 1728 3217

615 1794 758 1837 vasorum
790 1814 1288 1836 ..........
1357 1771 1430 1850 1,13

616 1897 698 1959 Calc.
733 1897 860 1978 phosph.
899 1898 962 1959 bas.
992 1916 1060 1960 cum
1094 1895 1280 1978 aliquantulo

660 2020 746 2082 calcii
769 2021 856 2082 fluor.
876 2022 1001 2100 junctae
1063 2059 1455 2081 ........
1499 2015 1597 2095 5364
1642 2065 1650 2078 .
1696 2061 1706 2079 .
1858 2062 1867 2079 .
1914 2062 1922 2080 .
1970 2067 1977 2081 .
2021 2017 2127 2096 5735.

615 2141 697 2204 Calc.
722 2142 844 2204 carbon.
902 2183 1454 2204 ...........
1500 2139 1597 2218 1130
1643 2182 1978 2203 .......
2041 2141 2126 2220 3,85.

615 2265 752 2344 Magnos.
775 2267 893 2346 phosph
897 2310 1123 2328 .....
1136 2265 1141 2273 ’
1170 2306 1451 2324 ......
1520 2261 1594 2338 1,16
1641 2308 1922 2328 ......
1965 2303 1976 2326 -.
2040 2263 2124 2342 265.

614 2387 708 2462 Numi,
732 2407 801 2448 cum
824 2388 893 2468 aliq.
917 2393 992 2449 nair.
1016 2387 1142 2448 cbicrnti
1167 2427 1448 2448 ......
1518 2383 1593 2461 130
1638 2432 1976 2449 .......
2038 2386 2126 2464 aab.

1418 2481 1628 2587 W
1950 2485 2161 2588 ’subdas

613 2633 716 2694 Partes
742 2633 893 2710 ammales,
916 2633 981 2696 scil.
1006 2633 1158 2713 cartilago.
1183 2633 1284 2713 adeps,
1306 2651 1391 2708 vasa,
1414 2630 1510 2694 multo
1522 2634 1639 2712 majore
1661 2633 1751 2713 copia
1774 2633 2041 2715 deprehenduntur
2062 2635 2093 2695 in
2117 2636 2213 2698 inlan-

612 2757 690 2818 tibus
715 2763 746 2818 et
767 2756 868 2836 pullis,
891 2775 980 2838 quam
1001 2758 1033 2818 in
1055 2756 1177 2819 senibus
1201 2763 1230 2817 et
1253 2755 1429 2818 animalibus
1452 2756 1570 2834 adultis,
1594 2763 1702 2819 contra
1723 2758 1821 2820 iubis
1844 2758 2154 2838 terreaepraccaient,
2177 2777 2213 2820 ac

612 2879 735 2941 duriora
760 2888 790 2942 et
812 2881 965 2960 fragiliora
988 2881 1116 2942 reddunt
1147 2899 1217 2942 ossa
1247 2881 1277 2940 in
1300 2879 1360 2941 illis
1383 2879 1488 2940 mollia
1510 2886 1541 2941 et
1562 2881 1684 2947 flexilia.
1731 2881 1902 2969 Secundum
1925 2883 2117 2961 Scbreger
2143 2899 2213 2944 ossa

611 3003 765 3065 continent

1232 3125 1390 3187 miantnm:
1458 3125 1643 3188 adultorum:
1733 3145 1850 3189 senum:

997 3249 1077 3311 Part.
1100 3249 1218 3310 animal.
1264 3247 1370 3326 4730.
1503 3247 1610 3326 20‚18.
1747 3249 1851 3328 12:20.

1035 3403 1050 3428 »
1100 3378 1169 3434 terr.
1260 3371 1366 3448 48,l8.
1502 3371 1607 3447 arsa
1742 3371 1849 3446 Sidi).

1235 3471 1392 3572 ’ὂῖίῖεῗ
1466 3469 1625 3572 ‘effi
1698 3466 1855 3572 'aba

610 3619 717 3702 Neque
740 3621 770 3680 in
794 3619 884 3680 variis
908 3617 1043 3698 ejusdem
1066 3619 1193 3682 hominis
1217 3620 1336 3682 ossibus
1360 3619 1464 3680 eadem
1487 3625 1532 3680 est
1554 3619 1631 3680 ratio
1654 3626 1756 3699 partes
1780 3620 1923 3682 animales
1953 3622 2030 3682 inter
2057 3629 2088 3682 et
2117 3623 2212 3686 mine-

610 3745 696 3806 mles.
722 3779 764 3791 -
789 3743 960 3805 Secundum
982 3744 1199 3806 'l’bilenium
1222 3763 1301 3822 ossa,
1324 3744 1406 3806 omni
1429 3745 1551 3805 materie
1574 3743 1695 3804 anirnali
1725 3761 1780 3822 per
1810 3742 2047 3806 combustionem
2078 3745 2211 3822 liberata,

609 3869 809 3948 reliquerunt:
937 3947 944 3956 ἱ

607 3989 738 4048 Neonnti
762 4007 834 4048 ossa
857 3990 1076 4048 extremitatum
1100 3987 1206 4064 5759.
1225 4021 1268 4036 ·-
1292 3990 1448 4050 vertebrae
1472 3989 1545 4050 colli
1568 3996 1599 4050 et
1622 3989 1705 4052 dorsi
1729 3987 1834 4064 47,41.

609 4111 699 4174 Pueri
722 4109 871 4172 clavicula
894 4107 999 4184 6336.
1025 4143 1065 4156 -
1090 4128 1126 4171 os
1149 4112 1255 4171 frontis
1279 4119 1308 4170 et
1331 4111 1491 4190 bregmatis
1515 4109 1621 4186 6521.

610 4235 713 4296 Adulti
737 4253 772 4296 os
797 4241 951 4312 petrosum
974 4231 1069 4308 6632
1097 4265 1137 4280 -
1163 4251 1233 4294 ossa
1255 4235 1473 4296 extremitatum
1496 4232 1594 4310 66,66
1618 4267 1659 4280 -
1684 4236 1794 4296 Cestae
1817 4233 1924 4310 6337.

608 4359 694 4418 Senis
717 4375 788 4418 ossa
811 4358 926 4432 frontis,
951 4357 1080 4433 feruoris,
1103 4356 1249 4437 occipitis,
1272 4357 1584 4420 maxillae-inferioris
1608 4356 1713 4433 oo,79.

767 4481 862 4540 Tarra
888 4499 976 4540 ossea
1000 4481 1137 4542 duritiem
1159 4501 1194 4541 ac
1217 4481 1385 4541 iimritatem
1407 4500 1492 4542 suam
1514 4480 1616 4541 tribuit
1638 4481 1805 4561 cartilagini
1828 4481 1985 4564 redditque
2007 4482 2212 4560 idoneam,·ut

608 4605 742 4686 partibus
765 4601 906 4664 mollibus
930 4601 1027 4664 iulcro
1051 4603 1194 4666 imervirs
1217 4603 1322 4684 possit,
1345 4611 1433 4686 atque
1455 4603 1592 4683 impedit,
1623 4623 1661 4666 na
1689 4611 1759 4684 post
1789 4612 1916 4668 mortem
1945 4605 2049 4668 eadem
2081 4604 2208 4668 celerius

606 4729 637 4791 in
661 4726 849 4809 putredinem
872 4726 968 4786 abeat.
1015 4723 1073 4804 Sic,
1097 4727 1183 4788 annis
1207 4725 1419 4806 praeterlapsis
1443 4727 1537 4788 tribus
1559 4723 1700 4806 millibus,
1721 4729 1851 4790 mumiae
1862 4726 2065 4808 Aegyptiacae
2088 4747 2208 4791 omnem

605 4873 691 4916 suum
714 4849 916 4929 cartilaginem
941 4857 1107 4928 tenuerunt,
1131 4870 1167 4912 ac
1190 4849 1414 4911 Gimbernat
1437 4869 1475 4912 ex
1497 4850 1617 4912 ossibus
1639 4849 1793 4914 fossilibus
1816 4849 1981 4932 elephantis
2003 4851 2131 4932 gigantei
2155 4871 2207 4930 ga-

607 4976 730 5040 latinam
760 4975 944 5036 esculentam
973 4974 1097 5055 paravit.
1156 4975 1269 5035 Contra
1296 4973 1461 5054 cartilagini
1489 4975 1676 5038 caecitatem
1699 4993 1785 5036 suam
1812 4993 1848 5036 ao
1868 4974 2074 5038 elasticbatem
2097 4973 2208 5038 debent

2125 5117 2205 5166 ossa.
