4768 5894
954 593 1031 670 261

196 806 357 887 periostso
379 805 550 887 regenerari
571 806 686 884 volunt,
707 807 739 868 in
761 805 820 870 loc
840 805 1023 868 mun-ariam
1045 803 1169 866 incurrit
1189 803 1302 881 vitinus,
1324 809 1359 866 nt
1380 819 1486 868 omnes
1502 809 1604 885 partes
1625 804 1719 883 uvas,
1739 781 1802 866 tam

196 930 322 1008 molles,
345 949 435 1013 qnam
457 929 556 1008 duras,
577 936 671 1012 prout
691 949 741 992 res
763 936 815 1008 est,
837 929 876 992 ad
898 930 969 992 novi
992 929 1069 992 ossis
1091 927 1301 991 formetiouetn
1322 929 1461 990 conferre
1474 927 1556 992 velit.
1600 927 1713 1008 Negari
1735 929 1802 1011 qni-

195 1053 272 1116 dem
293 1055 408 1137 nequit,
431 1054 503 1138 quin
525 1061 626 1136 partes
646 1053 755 1118 molles
776 1054 856 1117 hand
879 1053 1018 1134 exignum
1041 1053 1110 1115 ltnic
1132 1051 1304 1115 formationi
1321 1051 1525 1132 adjumentum
1537 1052 1670 1130 afferant,
1692 1052 1803 1134 quippe

192 1195 279 1258 quas
300 1197 369 1240 cnm
391 1196 472 1242 nova
493 1179 658 1241 substantia
686 1197 775 1244 ossea
801 1177 957 1259 paullatim
983 1183 1126 1240 nascente
1152 1193 1295 1239 vasormn
1323 1175 1517 1256 copulatione
1545 1193 1614 1240 sess
1641 1179 1802 1256 jungentes

187 1317 308 1364 munus
331 1303 417 1388 quasi
438 1302 580 1382 periostei
602 1301 780 1383 suscipiant;
813 1316 918 1363 verum
950 1302 1015 1382 ipse
1045 1301 1097 1362 illc
1126 1299 1313 1364 formationis
1341 1317 1505 1381 processus
1533 1319 1572 1364 ex
1599 1299 1670 1364 solo
1698 1305 1801 1362 vetere

188 1443 270 1487 osse
291 1426 463 1504 suscitatur,
486 1431 576 1508 atqns
596 1425 703 1503 miror,
725 1443 781 1488 cnr
802 1425 994 1487 Charmeil
1027 1425 1131 1490 finium
1161 1425 1240 1488 ossis
1269 1424 1490 1504 elongationem
1517 1432 1590 1506 post
1615 1424 1799 1488 reflectiones

184 1565 229 1608 ex
247 1549 329 1616 ¹solu
353 1569 423 1612 osse
445 1549 608 1630 proficisci,
631 1557 704 1631 post
724 1569 867 1614 neoroses
888 1569 963 1612 vero
985 1549 1113 1631 partium
1136 1547 1272 1612 mollium
1296 1549 1498 1612 ossifioatione
1520 1548 1594 1612 oriri
1615 1547 1756 1612 voluerit.

358 1673 572 1751 Charmoil,
594 1680 628 1735 ut
650 1671 809 1736 confirmet
829 1673 1013 1750 sententiam,
1035 1679 1137 1755 perles
1158 1673 1267 1736 molles
1288 1691 1396 1736 revera
1417 1673 1640 1754 regenerandus
1660 1672 1799 1736 solemn·

181 1795 254 1856 tiae
274 1813 382 1858 osseas
403 1815 589 1876 pares-esse,
611 1815 715 1860 casnm
737 1810 892 1879 praeterea
914 1797 1058 1860 laudata
1080 1797 1342 1860 cruveitticr
1360 1798 1561 1874 obser-earnm,
1583 1798 1615 1858 in
1637 1815 1708 1880 qno,
1730 1803 1797 1860 toto

181 1937 267 1981 osse
291 1917 398 1982 frontis
419 1938 478 2000 per
496 1920 636 1983 nsorosin
658 1920 785 1997 amisso,
818 1921 909 2003 plura
929 1930 1042 2004 puncta
1070 1941 1160 1985 ossea
1187 1922 1219 1984 in
1249 1922 1325 1984 dura
1353 1927 1449 1984 matre
1477 1921 1649 2002 singulatim
1676 1921 1797 1984 exstite»

178 2043 254 2104 rint
266 2041 328 2118 (1).
373 2039 488 2106 Verum
510 2043 699 2108 desideratur
718 2046 750 2108 in
781 2045 838 2108 lrac
865 2047 1075 2110 observatione
1101 2065 1151 2109 res
1177 2045 1325 2130 quaedem
1353 2043 1476 2108 maximi
1503 2047 1663 2126 momenti;
1696 2064 1795 2130 nsqm

177 2167 273 2229 mrim
295 2165 480 2244 accuratius,
513 2169 611 2250 qualis
643 2168 772 2232 inminse
805 2171 940 2234 intentae
962 2169 993 2232 in
1014 2179 1100 2252 parte
1122 2177 1259 2234 emortua
1280 2169 1370 2234 fuerit
1398 2169 1548 2247 conditio,
1581 2169 1705 2233 allatum
1738 2177 1794 2234 est.

177 2291 243 2354 Fet
267 2297 366 2352 eutem
387 2291 642 2370 verisimillimum,
665 2283 777 2374 passim
798 2293 933 2375 singulas
955 2295 1111 2357 erasionca
1132 2295 1165 2356 in
1187 2294 1244 2356 lfao
1270 2293 1382 2356 lamina
1412 2294 1552 2372 infniase3
1585 2311 1664 2378 qnae
1693 2295 1719 2358 sl
1745 2295 1792 2358 in-

179 2421 285 2491 erant,
306 2413 387 2476 unde
409 2422 521 2497 puncta
542 2415 596 2478 illa
617 2436 706 2480 ossea
727 2423 827 2480 ortum
856 2416 1015 2495 traxerint,
1048 2418 1080 2481 in
1112 2423 1255 2499 prompta
1288 2424 1343 2480 est.
1399 2417 1460 2480 Sed
1492 2419 1541 2480 fao
1574 2435 1697 2482 erosum
1728 2437 1792 2482 non

182 2538 293 2614 fnisse,
315 2545 395 2602 esset
414 2546 515 2602 tamen
538 2541 620 2623 qnod
642 2560 811 2624 quaereres,
833 2559 936 2604 annon
954 2544 1020 2621 jam
1042 2549 1130 2604 antea
1150 2559 1249 2604 novae
1272 2541 1467 2605 formationes
1477 2559 1592 2620 osseae,
1616 2541 1793 2625 qnalesfae-

181 2661 382 2744 quentissims
404 2662 435 2724 in
457 2663 534 2724 dura
554 2670 648 2725 matrs
671 2671 842 2739 ooonmmt,
864 2669 984 2744 praeter
1005 2681 1141 2725 normam
1163 2663 1321 2726 adfuerint
1369 2663 1443 2728 Non
1473 2667 1533 2729 alia
1563 2673 1609 2730 est
1635 2667 1713 2731 ratio
1737 2667 1792 2730 ob·

184 2783 393 2847 servationem
414 2785 484 2847 lanio
504 2786 654 2862 similium,
676 2805 752 2870 quas
780 2785 1032 2866 Schoenberg
1060 2791 1090 2848 et
1118 2785 1274 2866 Msding
1305 2795 1524 2863 memorarunt3
1557 2807 1687 2872 quornm
1716 2791 1792 2852 Me-

184 2905 345 2992 ding(2)
367 2907 398 2970 in
421 2907 522 2973 medio
544 2909 698 2989 foramine,
720 2903 838 2973 terebra
852 2912 960 2988 forato,
983 2909 1133 2990 singulum
1145 2927 1212 2972 sese
1227 2909 1404 2974 observasse
1416 2911 1488 2974 dicit
1498 2912 1639 2976 nucleum
1650 2930 1790 2991 osseum

182 3031 437 3114 Schoenberg
459 3031 512 3110 (3)
540 3035 685 3114 insignem
714 3034 871 3116 descripsit
904 3035 981 3098 ossis
1003 3033 1154 3116 parietalis
1176 3033 1355 3112 laesionem,
1388 3055 1425 3098 sx
1447 3055 1509 3118 quo
1532 3055 1641 3118 magns
1674 3037 1790 3100 menla-

182 3177 254 3220 rum
277 3157 366 3238 copis
384 3155 484 3220 statim
505 3157 590 3220 initio
613 3159 650 3220 ab
674 3159 742 3240 ipso
765 3165 883 3222 exemta
904 3159 952 3236 sit,
974 3159 1136 3241 pluresque
1165 3157 1284 3222 assulm
1313 3161 1448 3238 majores
1468 3167 1577 3240 postea
1597 3161 1792 3238 secesserint,

180 3282 226 3344 ita
248 3280 377 3363 quidem,
398 3285 432 3342 nt
453 3287 560 3343 auctor
587 3282 819 3345 existimare
846 3301 965 3364 posse
993 3283 1050 3345 sibi
1078 3283 1244 3360 videretur,
1278 3287 1374 3345 tolrrm
1409 3301 1444 3345 os
1474 3283 1618 3364 parietale
1648 3285 1789 3350 amissam

180 3405 293 3478 fnisse;
316 3403 423 3466 exinde
445 3404 476 3466 in
498 3404 598 3468 medio
620 3405 745 3470 vulnere
768 3426 804 3470 os
827 3414 924 3483 tenue,
949 3407 1035 3484 exile,
1057 3405 1189 3469 albidum
1213 3408 1343 3470 silicium
1374 3427 1449 3470 esse.
1502 3407 1577 3471 Non
1604 3409 1676 3474 salis
1699 3429 1789 3474 accu-

147 3594 150 3603 ,
180 3537 265 3592 ratas
288 3547 355 3592 esse
377 3527 462 3590 vides
482 3529 539 3591 las
559 3529 786 3593 observationes
807 3551 906 3614 neque
928 3539 975 3594 sat
996 3551 1182 3609 numerosas,
1204 3539 1237 3593 nt
1259 3539 1393 3594 evertere
1408 3533 1527 3613 possint
1544 3533 1642 3612 legem
1662 3533 1786 3614 physio·

180 3653 328 3732 logicam,
356 3665 413 3733 pet·
432 3651 601 3714 nniversam
629 3653 743 3716 ossium
770 3655 1032 3736 inflammationem
1066 3677 1085 3718 a
1112 3656 1199 3718 nobis
1222 3654 1463 3736 comprobatam,
1498 3675 1536 3716 ex
1567 3675 1627 3738 que
1659 3675 1784 3718 novas

180 3759 428 3840 substantiae
451 3757 591 3840 osseae
613 3778 797 3841 formatio
818 3798 897 3841 non
920 3778 1000 3842 nisi
1023 3799 1067 3842 ex
1090 3779 1177 3859 ipso
1201 3769 1288 3842 osse
1315 3777 1603 3859 proficiscitur.

343 4148 473 4213 Modum
483 4148 722 4228 regenerationis
733 4149 887 4232 lrucnaqus
898 4151 1011 4214 ossium
1023 4149 1185 4232 praecipue
1207 4148 1417 4212 tnbnloaornm
1433 4149 1647 4231 exposuimus3
1669 4151 1783 4232 eadent,

180 4291 259 4357 quse
281 4271 319 4334 de
344 4269 500 4348 tubuloais,
524 4291 586 4336 nou
609 4272 707 4336 minna
729 4273 767 4335 de
789 4273 912 4357 reliquis
935 4274 1053 4337 ossibus
1075 4273 1191 4352 valent,
1220 4293 1256 4336 eo
1283 4273 1371 4335 facile
1390 4265 1431 4335 bx
1454 4273 1514 4337 illis
1536 4272 1567 4348 ip
1589 4276 1664 4340 haec
1685 4283 1783 4342 frans·

178 4396 253 4460 farri
273 4400 416 4478 possunt;
438 4414 530 4478 quare
553 4395 675 4460 uberius
697 4417 849 4479 exponere
872 4397 909 4460 dc
932 4399 967 4462 iis
989 4399 1204 4480 praetermitto.
1249 4396 1391 4460 Attamen
1417 4399 1500 4482 quod
1532 4399 1571 4461 ad
1594 4401 1711 4482 copiam
1733 4421 1781 4464 rs·

179 4519 389 4603 generationis
411 4517 512 4600 aliqua
533 4528 659 4600 apparet
681 4521 859 4608 differentia,
889 4542 951 4586 non
973 4523 1073 4586 solum
1100 4543 1158 4605 pro
1188 4529 1284 4585 aetate
1306 4541 1465 4603 aegrorum
1486 4524 1653 4608 viriumque
1674 4523 1779 4588 condi·

340 4729 381 4797 (1)
399 4693 629 4794 Clarmrllpl.
648 4751 672 4785 e.
690 4751 716 4800 p.
734 4736 797 4792 ³48,

338 4815 381 4887 (²)
400 4821 554 4885 munuli
572 4823 592 4876 ¹·
612 4839 636 4874 Β·
655 4839 682 4888 Ρ·
701 4823 764 4881 3Ἢ.

338 4906 380 4976 (⁸)
398 4910 437 4960 α·
455 4908 574 4974 Tui&
591 4927 662 4963 neae
679 4913 761 4968 lleal.
779 4931 809 4968 n.
827 4917 900 4968 Vera.
918 4931 945 4980 p.
964 4915 1025 4980 m,
1043 4926 1132 4968 natam
1151 4931 1167 4965 a
1185 4915 1405 4977 tricentur
1421 4909 1562 4976 adjectu.
