4784 5894
966 521 1043 594 aar
1076 475 1082 490 '

195 717 430 810 fragmentorum
451 728 617 809 positione,
639 733 707 792 toto
727 727 854 804 ambita,
877 727 970 792 modo
992 728 1120 810 singolis
1141 735 1256 792 tanum
1269 731 1413 824 jpnnotia,
1435 731 1527 796 modo
1550 734 1633 796 brevi
1656 741 1800 818 ternpore.

195 851 288 917 noto
309 869 388 916 sero·
403 852 581 926 admodnmr
602 853 762 929 mamm,
780 851 908 916 muium
930 852 1086 916 dislocatis
1108 854 1292 934 fragments,
1316 855 1440 918 omnino
1462 875 1525 928 non
1546 859 1654 934 emnil,
1676 871 1711 920 nt
1729 861 1798 922 calli

195 975 379 1040 maranae
401 977 479 1040 inter
501 997 534 1042 se
557 977 741 1057 contingant.

354 1101 603 1164 luculentissime
637 1101 711 1162 baec
734 1099 921 1164 subtantiae
948 1119 1048 1164 norae
1075 1101 1250 1181 conjunctio
1279 1102 1522 1184 conspiciebatur
1548 1105 1579 1166 in
1614 1105 1799 1169 uttibracbin

194 1223 302 1288 dextro
324 1225 457 1286 cuniculi
484 1226 596 1300 mett),
615 1224 702 1306 ‘quod
735 1229 906 1305 persectuan
939 1224 1020 1290 Tab.·
1037 1225 1077 1290 11.
1100 1226 1121 1286 l.
1144 1222 1176 1288 3.
1199 1224 1380 1290 delineatam
1403 1227 1489 1290 vides
1544 1232 1631 1310 Quae
1666 1231 1799 1292 mannua

193 1353 338 1431 quamn
361 1347 521 1425 duraverit,
543 1354 628 1412 certo
652 1347 776 1410 definire
798 1365 860 1411 non
883 1367 1023 1430 possum
1046 1349 1146 1410 detexi
1169 1369 1236 1412 mm
1259 1349 1290 1412 in
1312 1349 1605 1428 secandocuniculd,
1628 1353 1677 1414 cui
1695 1353 1797 1416 tibiam

193 1471 330 1534 dextram
352 1472 393 1534 Vl
416 1472 522 1537 diebus
554 1478 624 1536 ante
650 1472 812 1569 fregerunt
836 1477 966 1534 maman
995 1472 1190 1553 comparatis,
1213 1493 1291 1554 quae
1313 1473 1344 1536 in
1367 1476 1499 1536 nactura
1526 1495 1618 1556 supra
1648 1476 1798 1558 descripta

193 1603 265 1676 post
287 1595 350 1659 dies
373 1615 481 1658 novem
504 1597 634 1658 tonnata
656 1596 781 1671 inerant,
805 1608 873 1658 cum
896 1594 997 1678 aliqua
1017 1586 1083 1658 veli
1104 1595 1451 1660 similitudinastatuere
1473 1619 1642 1679 possumus,
1666 1602 1797 1662 antibra-

192 1718 290 1782 &mn
313 1719 403 1782 simul
425 1739 494 1782 cum
517 1719 588 1780 tibin
611 1721 739 1782 frncntm
760 1719 862 1782 luisse.
909 1718 1014 1782 Callus
1035 1719 1066 1780 in
1088 1719 1184 1782 latere
1205 1720 1281 1782 radii
1303 1727 1428 1782 externo
1442 1729 1491 1796 [e.¹
1508 1724 1544 1796 i),
1566 1723 1597 1786 itt
1617 1724 1712 1804 prima
1735 1725 1795 1786 ori-

190 1842 260 1922 gine
277 1841 340 1906 ossi
351 1844 475 1906 tirmiter
486 1844 614 1906 adustas
624 1849 715 1927 atque
726 1861 844 1920 osseus,
863 1842 895 1904 in
907 1843 1038 1906 decursu
1048 1863 1122 1906 vero
1134 1841 1278 1906 ulteriore
1296 1843 1334 1904 ab
1351 1845 1457 1908 eodem
1475 1846 1619 1908 recedens
1632 1853 1662 1908 et
1677 1847 1796 1908 curtim

189 1966 304 2046 metas,
326 1967 465 2049 numque
477 1967 598 2041 coierat,
621 1966 726 2028 relicto
738 1973 838 2028 tamen
849 1966 959 2047 exiguo
971 1967 1078 2048 spatio,
1102 1973 1190 2049 septo
1207 1968 1290 2030 tenui
1309 1968 1491 2049 inexpleto,
1517 1975 1551 2031 ut
1562 1971 1726 2050 fragmenta
1738 1972 1796 2032 buc

191 2089 535 2171 illucmoeeripossent.
568 2090 691 2170 Septum
704 2091 891 2155 extrinsecas
904 2109 970 2150 otim
983 2089 1210 2176 periosteo(c),
1232 2111 1339 2171 panim
1362 2093 1538 2174 ceteroquin
1549 2094 1719 2169 tumefacto,
1742 2113 1795 2156 cc-

190 2215 344 2291 haerebat,
365 2214 445 2276 iratus
468 2235 536 2276 cum
564 2213 729 2276 substantia
751 2214 918 2290 intervalla,
940 2214 1018 2276 inter
1039 2215 1205 2294 fragmento
1226 2214 1447 2292 intercedentis,
1469 2215 1612 2296 replente,
1635 2217 1666 2278 in
1688 2225 1793 2280 ocntro

189 2338 349 2417 misenam
372 2337 569 2402 aemitluidam
593 2337 792 2400 rubicundam
814 2339 961 2400 referente
984 2340 1048 2418 (g),
1072 2335 1276 2418 contingebat,
1300 2343 1388 2421 atque
1416 2359 1486 2400 cram
1513 2338 1692 2416 substantia,
1716 2359 1793 2422 quae

190 2482 208 2524 e
229 2463 303 2526 tubo
325 2463 486 2525 medullari
506 2462 699 2543 prosiluerat,
723 2469 925 2538 concreverat,
948 2466 982 2525 ut
1003 2461 1116 2542 panum,
1140 2462 1327 2526 caccabata
1350 2462 1483 2544 reliquiis
1499 2462 1684 2526 substautias
1702 2463 1792 2540 illius,

189 2605 280 2667 quam
302 2606 396 2666 supra
417 2585 686 2648 intermediam
707 2585 938 2648 rtominavimns.
983 2587 1080 2664 Cujus
1101 2586 1179 2665 septi
1200 2585 1367 2648 substantia
1389 2586 1446 2648 snb
1463 2587 1665 2668 microscopio
1682 2607 1793 2668 grann-

102 2761 113 2770 .
187 2709 289 2772 lorum
311 2709 460 2790 quandam
484 2715 513 2770 et
535 2708 677 2771 fibrarum
700 2707 894 2792 sineordine
917 2706 1128 2786 dispositarum
1151 2707 1283 2786 speciem
1300 2707 1465 2784 exhibebat,
1482 2716 1670 2785 structuram,
1694 2711 1791 2792 qualis

185 2833 218 2894 in
247 2833 378 2895 mamriis
401 2831 549 2912 plasticis,
571 2850 589 2892 e
611 2830 747 2911 partibus
766 2829 910 2892 mollibus
933 2828 1086 2892 exsudatis
1109 2835 1197 2910 atquo
1220 2829 1398 2910 organisatis
1422 2830 1523 2892 inveni
1545 2832 1639 2906 solet3
1661 2833 1790 2914 indeque

187 2955 276 3018 facile
304 2955 446 3036 distingui
471 2961 591 3036 poterat
613 2975 632 3016 a
654 2954 734 3016 callo
762 2953 861 3015 adbuc
890 2952 975 3014 molli
998 2957 1028 3014 et
1052 2951 1264 3032 mutilagineo,
1287 2955 1375 3032 cujus
1403 2953 1569 3016 substantia
1597 2955 1730 3038 aequalis
1759 2962 1790 3018 et

187 3079 338 3162 pellucido
371 3079 553 3160 corpuscula
587 3078 793 3158 cartilaginum
809 3076 951 3158 propria
985 3076 1171 3139 ostendebat.
1215 3077 1250 3137 lu
1284 3076 1379 3138 intere
1407 3084 1532 3140 externo
1567 3077 1658 3140 tulnae
1691 3078 1788 3142 callus

187 3203 341 3286 ubirsque
363 3203 520 3284 fragmenti
541 3203 632 3283 plane
656 3201 818 3276 coaluerat,
840 3221 897 3262 rieo
920 3200 977 3262 nisi
1000 3219 1059 3280 ope
1082 3200 1275 3280 microsoupii
1299 3219 1337 3262 ex
1359 3201 1537 3264 conturbata
1559 3202 1689 3282 quadam
1719 3223 1789 3265 cor-

186 3328 383 3407 pusculorum
405 3327 586 3407 cartilaginis
610 3325 806 3406 dispositione
828 3324 931 3400 locus,
954 3343 1016 3406 qno
1038 3325 1187 3400 coierant,
1210 3324 1347 3404 dignosci
1369 3331 1496 3406 poterat.
1543 3327 1658 3388 Versus
1680 3345 1788 3406 super·
1859 3369 1863 3377 ·

185 3450 282 3514 ficiem
310 3452 341 3514 iu
363 3453 420 3514 bac
442 3458 528 3532 parts
549 3457 686 3530 perseota
707 3448 834 3512 nucleus
857 3467 964 3512 osseus
987 3448 1151 3530 apparebat
1173 3447 1240 3532 (h),
1275 3447 1326 3530 qui
1348 3448 1477 3528 primum
1500 3449 1666 3530 inspicienti
1700 3470 1789 3530 sepa-

184 3575 271 3639 ratim
294 3575 411 3656 positus
432 3575 606 3648 videbatur,
629 3579 759 3636 attamen
787 3593 856 3634 cum
882 3571 1019 3652 partibus
1048 3571 1207 3634 ossifieatis
1231 3591 1268 3633 ex
1297 3578 1426 3653 utroque
1456 3575 1622 3652 fragmento
1643 3573 1787 3652 proiectis

185 3698 373 3762 cohaerebat.
416 3701 547 3762 Prorsus
570 3698 674 3760 eadem
697 3695 960 3776 conspiciebantur
982 3695 1012 3755 in
1035 3695 1184 3772 faciebus,
1208 3713 1283 3776 quas
1306 3693 1408 3755 radius
1432 3700 1461 3756 et
1483 3693 1557 3755 ulna
1579 3695 1634 3757 sibi
1658 3695 1787 3756 invicem
1825 3767 1827 3774 ¹

184 3823 358 3898 abuerunt,
386 3821 488 3886 omnia
515 3822 682 3900 fragmenta
712 3817 939 3882 exsudationem
973 3817 1152 3878 etbibebant
1186 3817 1293 3898 partipn
1321 3815 1560 3894 cartilagineam,
1588 3816 1696 3896 partim
1720 3818 1785 3894 jem

184 3965 303 4010 mam
323 3947 358 4025 (i.
380 3947 425 4024 k),
447 3945 489 4007 ita
510 3943 639 4027 quidem,
661 3948 695 4004 ut
715 3941 854 4004 materies
876 3959 1015 4002 osseaaa
1029 3941 1202 4020 fragmentis
1220 3939 1339 4002 duobus
1358 3939 1492 4018 ejusdem
1511 3939 1614 4001 lateris
1631 3940 1784 4020 proiectae

184 4079 278 4134 strato
300 4070 495 4150 cartilaginea
519 4068 600 4130 tenui
622 4067 701 4130 inter
724 4085 758 4128 se
780 4067 961 4144 conjunctae
984 4069 1097 4138 essent,
1121 4063 1198 4124 inter
1219 4064 1376 4144 superiora
1398 4081 1473 4124 vero
1496 4070 1527 4124 et
1548 4063 1691 4126 interiora
1713 4063 1785 4126 sub-

183 4196 292 4260 stantia
312 4195 469 4258 interesset
490 4191 665 4256 intermedia
687 4195 746 4271 (g),
769 4190 901 4252 assfflam
923 4188 1077 4268 sanguem,
1099 4187 1177 4248 inter
1199 4189 1363 4266 fragmenta
1386 4186 1476 4246 ulnae
1498 4186 1593 4260 sitam,
1616 4187 1783 4250 continens.

184 4321 267 4382 Gava
284 4318 461 4382 medullaris
482 4336 588 4380 versus
610 4316 711 4378 locum
733 4314 861 4377 bamam
883 4313 946 4374 iere
968 4310 1121 4394 usquead
1139 4311 1288 4390 margines
1299 4311 1446 4370 fracturae
1457 4327 1538 4370 nova
1555 4309 1678 4370 materie
1694 4329 1784 4374 ossea

183 4401 336 4517 obturata·
352 4441 418 4520 ipsa
438 4459 513 4502 vero
536 4439 668 4502 medulla
689 4439 769 4502 ultra
790 4441 906 4518 partem
929 4435 1116 4498 obliteratam
1146 4455 1165 4494 a
1185 4432 1315 4495 normali
1336 4431 1388 4494 vix
1411 4432 1601 4513 discrepans;
1634 4434 1783 4512 fragmen·

182 4575 283 4632 torum
305 4564 379 4626 ines
402 4580 465 4627 uon
487 4562 707 4639 mutauerant,
730 4561 878 4642 margines
902 4558 989 4636 acuti,
1012 4565 1154 4640 tauquam
1177 4556 1207 4618 iu
1230 4557 1361 4618 imatnra
1382 4575 1489 4620 reeens
1511 4561 1631 4632 exorta,
1654 4575 1781 4636 appare·

182 4689 263 4766 batti,
285 4706 383 4770 nequa
405 4685 508 4748 meula
529 4686 646 4764 exigua,
667 4690 956 4765 capra-memorata,
978 4681 1044 4744 ullo
1066 4680 1159 4743 modo
1182 4680 1344 4742 mandata
1366 4687 1439 4744 erat

341 4813 425 4874 Haeo
447 4811 593 4884 tractura,
627 4825 704 4889 qnae
727 4809 854 4870 smandi
879 4807 1028 4871 rabonem
1059 4824 1152 4888 quam
1189 4804 1318 4868 maxime
1351 4803 1520 4884 regularem
1553 4800 1686 4878 exbibet,
1720 4799 1782 4862 ola·

181 4960 244 5003 ram
266 4935 354 5000 uobis
376 4933 535 5014 imaginem
556 4931 700 5012 proponit
728 4931 833 4992 annuli
860 4931 942 4994 illius
965 4929 1080 5016 (virolo
1102 4929 1250 5008 ossenae),
1276 4947 1365 5012 quem
1395 4926 1444 4988 du
1472 4923 1599 4990 llamel
1629 4930 1659 4987 et
1687 4923 1781 4986 Blo-

1406 5045 1464 5112 17·
