4824 5892
587 704 668 764 maid
690 701 827 782 explicat,
850 699 925 762 baoc
948 697 1047 760 efferte
1074 715 1132 760 »os
1154 696 1235 758 bunc
1255 694 1288 757 in
1310 696 1432 758 modum
1444 698 1527 760 Deua
1551 695 1716 760 constitnit:
1739 700 1864 762 Terram
1886 714 1992 781 puram
2013 706 2044 761 et
2065 699 2181 762 laevem

593 826 746 888 „amiam
768 824 888 888 miscuit
908 824 938 884 et
959 821 1117 884 madefecit
1138 818 1279 896 medulla,
1301 827 1409 903 postea
1429 819 1461 883 iu
1482 821 1581 902 ignem
1603 820 1719 900 injecit,
1746 820 1853 885 deinde
1881 825 1913 884 in
1935 841 2043 906 aquam
2070 821 2181 898 mersit,

593 967 737 1011 ,ειιηιιιιι
757 948 789 1012 in
810 948 921 1028 iguem,
952 954 983 1008 et
1011 945 1119 1008 iterum
1139 943 1173 1006 in
1193 961 1316 1026 aquam,
1344 950 1433 1027 atque
1461 945 1504 1017 tta,
1525 944 1645 1026 saepius
1667 945 1847 1012 trmsferena
1869 947 1901 1008 in
1922 953 2095 1028 utrumque,
2126 946 2186 1006 tale

594 1072 750 1150 ureddidii
772 1079 807 1133 ut
829 1090 847 1132 a
868 1077 976 1133 neutro
999 1067 1145 1151 liquefieri
1167 1067 1290 1147 possit·

644 1253 649 1256 .
746 1194 838 1256 Tales
859 1193 996 1274 aliaeque
1017 1198 1173 1273 praeterea
1194 1190 1274 1252 band
1296 1187 1436 1256 meliores
1459 1192 1623 1253 sentcntiae
1644 1210 1700 1273 per
1721 1199 1818 1254 totum
1840 1194 1902 1255 fere
1924 1193 2054 1256 aedium
2070 1215 2185 1269 aevum,

587 1339 648 1401 quo
673 1319 770 1380 onmis
793 1317 917 1380 scientia
938 1333 1047 1378 sonmo
1068 1313 1156 1395 quasi
1178 1313 1338 1395 consopita
1355 1315 1491 1393 jacebat,
1513 1314 1681 1389 valuerunt
1704 1316 1868 1397 atqucipse
1884 1316 2111 1395 Veslingius
2124 1317 2184 1398 (Ι),

587 1464 679 1525 quum
707 1461 800 1503 »ossa
822 1459 877 1520 per
899 1438 982 1501 irdtia
1005 1436 1197 1516 cartilaginea
1219 1455 1286 1499 esse
1308 1437 1418 1513 omnia,
1440 1437 1623 1502 lentescente
1644 1457 1724 1506 vero,
1740 1439 1854 1500 sentina
1869 1439 2185 1521 temporisprogsessn

586 1566 792 1628 solidescere«
821 1563 900 1637 dicit,
923 1559 1118 1643 aliquomodo
1141 1560 1247 1623 iisdem
1268 1559 1388 1623 videtur
1409 1561 1518 1624 favere.
1563 1562 1638 1624 Post
1658 1561 1915 1625 resuscitationem
1938 1565 2105 1625 anatomiae'
2123 1565 2183 1645 pri-
2272 1565 2275 1575 '

585 1709 652 1749 num
682 1687 851 1748 Volcber
880 1686 1015 1748 Coiter
1036 1681 1099 1768 (2)·
1128 1682 1311 1763 singularem
1350 1683 1381 1746 in
1408 1683 1485 1746 banc
1515 1683 1681 1747 doctrinam
1707 1685 1826 1746 videtur
1855 1685 2018 1748 contulisse
2047 1691 2185 1767 operam;

586 1811 637 1892 qui
659 1819 808 1884 sternunt,
839 1827 910 1870 ossa
933 1808 1004 1869 tarsi
1027 1815 1057 1868 et
1078 1806 1174 1887 carpi,
1205 1806 1363 1889 epipbyses
1386 1808 1500 1870 ossium
1521 1807 1682 1887 longorum
1709 1810 1842 1871 metatu
1865 1809 2058 1888 cartilagineo
2082 1812 2185 1874 obser-

587 1935 674 2006 vavit,
697 1940 784 2013 atquc
808 1931 1039 2020 ossificatiouem
1061 1949 1079 1990 e
1101 1929 1200 1991 medio
1219 1929 1396 2011 plerumque
1419 1948 1488 1991 osse
1512 1930 1636 1992 diffundi
1657 1929 1738 1991 vidit
1785 1932 1872 1992 llunc
1895 1941 2015 1993 secutam
2039 1935 2183 2014 estSpi—

585 2057 713 2136 gelius
738 2053 801 2136 (3).
826 2087 867 2100 -
892 2053 984 2134 Quod
1006 2051 1091 2113 affert
1114 2053 1148 2113 C.
1172 2051 1429 2114 Bartholinus
1452 2050 1519 2135 (f),
1559 2053 1611 2114 ain
1633 2053 1798 2132 embryone
1821 2075 1996 2134 compagem
2019 2064 2111 2118 totam
2134 2077 2184 2119 os-

528 2165 532 2172 ’
590 2181 687 2240 »sium
710 2177 808 2257 primo
831 2175 955 2236 fluidum
977 2175 1050 2254 quid
1078 2192 1158 2247 esse,
1188 2173 1258 2234 dein
1286 2172 1491 2260 tendinosum,
1524 2181 1588 2236 trum
1617 2174 1841 2255 cartilagineum
1872 2184 1900 2237 et
1928 2179 2047 2239 tandem
2071 2183 2183 2242 ossium

590 2300 791 2362 ..soliditatem
806 2297 991 2377 acquirere«,
1003 2295 1075 2356 sat'us
1088 2302 1226 2356 accurate
1239 2314 1303 2356 rem
1314 2294 1352 2354 ab
1365 2313 1403 2356 eo
1416 2281 1670 2374 cognitamfuisse
1682 2298 1799 2377 probat
1818 2301 2034 2380 lierekring
2047 2303 2100 2385 (5)
2112 2323 2182 2364 ossa

585 2425 622 2485 ab
633 2421 718 2483 initio
729 2419 938 2481 membrauosa
950 2435 1016 2478 esse
1032 2416 1225 2494 aestumabat,
1248 2423 1277 2478 et
1288 2423 1393 2496 postea
1405 2417 1487 2479 abire
1502 2419 1533 2479 in
1548 2417 1729 2499 cartilaginis
1741 2421 1979 2496 consistentiam
1999 2426 2181 2508 eandemque

585 2547 757 2608 Plattuer
777 2541 829 2622 (6)
858 2540 991 2602 defendit
1016 2540 1201 2603 sententiam.
1259 2538 1420 2602 Nesbitt
1443 2540 1500 2624 (7)
1529 2549 1559 2603 et
1580 2541 1770 2606 Boehmer
1793 2543 1844 2625 (8)
1875 2547 2038 2626 spongiosa
2067 2557 2180 2611 tantum

584 2687 654 2731 ossa
677 2687 693 2728 e
716 2665 888 2745 cartilagine
910 2664 1032 2726 formari
1055 2669 1276 2740 concesserunt,
1299 2683 1473 2746 compressa
1494 2683 1568 2727 vero
1591 2671 1621 2727 et
1642 2666 1784 2728 tubulosa
1807 2667 1975 2749 duplicibus
1998 2673 2095 2751 primo
2108 2695 2180 2736 cou-

583 2801 661 2854 stare
683 2789 870 2864 membranei,
900 2789 977 2848 inter
998 2805 1073 2868 quas
1095 2803 1225 2848 massam
1247 2805 1366 2850 osseam
1395 2787 1495 2850 statim
1518 2789 1554 2850 ab
1578 2789 1662 2853 initio
1687 2791 1792 2853 duram
1817 2791 1936 2872 deponi.
1982 2797 2058 2856 Prae
2082 2801 2177 2859 omni-

582 2917 637 2977 bus
658 2931 732 2976 vero
756 2914 803 2974 du
824 2911 956 2974 Hamel
979 2909 1030 2987 (9)
1053 2909 1130 2970 bane
1153 2909 1321 2972 doctrinam
1343 2909 1381 2970 dc
1404 2911 1517 2972 ossium
1539 2919 1647 2973 natura
1669 2915 1767 2992 primo
1790 2917 2016 2980 membranacea
2040 2922 2180 2997 excoluit,

583 3036 821 3117 argumentisque
845 3053 881 3093 ac
903 3029 1161 3094 observationibus
1184 3030 1289 3092 fulcire
1311 3031 1432 3092 studuit
1478 3032 1538 3112 Qui
1561 3035 1661 3113 specie
1683 3035 1883 3100 similitudinis
1906 3041 1983 3102 inter
1998 3051 2175 3106 structuram

583 3169 615 3221 ct
634 3155 903 3220 conformationem
930 3153 1008 3216 ossis
1031 3161 1061 3214 et
1087 3152 1161 3232 ligni
1190 3154 1400 3216 intercedentis
1427 3154 1584 3236 deceptus,
1612 3159 1734 3236 genesin
1757 3179 1878 3243 quoque
1907 3171 1937 3224 ct
1965 3165 2178 3232 incrementum

583 3284 659 3344 iuter
678 3287 841 3360 utrumque
862 3277 959 3340 simile
980 3274 1130 3338 invenisse
1152 3275 1209 3338 sibi
1232 3275 1397 3353 videbatur,
1419 3287 1524 3360 atque,
1546 3288 1580 3342 ut
1602 3281 1633 3343 iu
1654 3281 1813 3344 arboribus
1836 3287 1986 3362 corticem,
2009 3291 2052 3352 sie
2075 3293 2105 3352 in
2129 3315 2178 3355 os-

581 3405 665 3468 sibus
685 3403 869 3484 periosteum
891 3399 921 3462 id
944 3417 1011 3462 esse
1033 3399 1165 3480 putabat,
1187 3417 1225 3461 ex
1247 3419 1309 3484 quo
1332 3406 1431 3462 cetera
1453 3402 1669 3483 formarentur,
1692 3405 1732 3466 ita
1755 3405 1890 3488 quidem,
1918 3419 1951 3472 ut
1974 3415 2175 3495 cartilaginem

582 3526 915 3591 ossiumfonnationem
928 3523 1151 3586 antecedentem
1173 3523 1217 3586 nil
1239 3541 1307 3586 esse
1329 3524 1387 3586 n'ui
1409 3523 1511 3606 plures
1534 3511 1670 3589 lamellas
1692 3529 1834 3608 periostei
1846 3533 2091 3614 superimpositas
2104 3559 2174 3599 eon-

584 3664 899 3696 ..ua-...m-f-m—

648 3787 651 3794 ’
741 3768 784 3839 (1)
804 3773 1028 3840 Vesllngius,
1047 3779 1181 3835 syntagma
1199 3777 1314 3824 aneton.
1350 3773 1438 3826 Pater.
1459 3773 1536 3828 1641.

739 3857 780 3924 (2)
798 3861 915 3924 Veleia.
934 3861 1070 3908 Ceiteri
1087 3868 1210 3910 tractatus
1228 3870 1300 3913 anat.
1318 3862 1351 3912 de
1374 3863 1476 3912 ossibus
1499 3865 1586 3914 factm
1611 3867 1726 3918 abortiri
1750 3879 1776 3918 et
1796 3873 1903 3920 infantia
1920 3887 1982 3922 ann.
2002 3875 2094 3928 dimid.
2112 3883 2175 3926 nati

580 3951 696 4012 blangcti
714 3947 840 3998 biblioth.
859 3954 929 3996 anat.
966 3946 996 3994 T.
1015 3943 1040 3994 l.

656 4027 659 4030 ¹
743 4031 783 4100 (3)
803 4033 995 4098 Spigellua,
1014 4034 1050 4081 de
1064 4035 1172 4082 formato
1190 4035 1272 4088 foetu.
1308 4033 1396 4090 Pater.
1417 4035 1496 4086 1626.
1533 4035 1659 4102 Parslll,
1678 4041 1748 4094 aa.

735 4118 779 4187 (4)
799 4123 826 4174 0.
845 4121 1093 4183 Bartholiuur,
1109 4123 1144 4174 dr
1162 4124 1365 4189 diaphragmtia
1383 4133 1512 4176 ulmetum
1531 4139 1597 4176 nora
1615 4138 1641 4188 p.
1659 4126 1687 4180 5.
1724 4129 1804 4182 Paris.
1825 4129 1903 4185 lora.
1919 4157 1949 4170 -·
1970 4133 2085 4197 lttangeti
2103 4139 2172 4192 bibl.

578 4224 648 4264 attat.
684 4214 715 4262 Τ.
736 4209 771 4262 ll.
1507 4245 1511 4254 .

740 4296 779 4361 (⁵)
798 4298 920 4346 Theoti.
940 4297 1170 4360 Kercltringli
1189 4299 1335 4359 oeteogenia
1355 4299 1473 4349 foetuum
1491 4301 1531 4366 (in
1550 4319 1620 4368 spec.
1639 4313 1708 4354 anat.
1727 4308 1806 4358 Anrst.
1828 4303 1918 4368 lero).

667 4418 672 4426 .
738 4383 777 4452 (6)
797 4386 968 4446 Elattner,
988 4385 1020 4435 de
1039 4387 1138 4450 casium
1156 4385 1363 4436 conformatione
1380 4397 1406 4435 et
1424 4390 1521 4439 colore.
1559 4391 1629 4454 Lipa.
1649 4389 1729 4444 1738.
1750 4413 1781 4428 ·-
1818 4395 1884 4444 llee.
1902 4397 1931 4444 in
1950 4395 2087 4448 llalleri
2105 4404 2170 4464 disp.

576 4488 645 4530 aunt.
667 4476 725 4527 vol.
745 4476 788 4524 Vl.

737 4557 778 4627 (f)
799 4563 950 4621 Nesbitt‚
970 4563 1069 4608 Ιιιιιιιιιιι
1087 4569 1240 4640 οειεοςειιιὶ.
1277 4561 1360 4612 Laud.
1382 4561 1460 4615 17³5.
1496 4565 1615 4613 Deutscb
1633 4581 1685 4616 ron
1703 4568 1829 4629 Greding.
1865 4571 2010 4636 Altenburg
2028 4576 2104 4626 ltus.

738 4648 777 4710 (u)
797 4650 973 4709 Boelrmer,
992 4649 1170 4695 institutiones
1191 4649 1314 4709 osteolog.
1351 4650 1437 4698 llalne
1458 4647 1535 4700 1751.
1945 4647 1949 4656 ’

738 4737 776 4798 (9)
797 4737 836 4783 du
857 4736 976 4783 llamel
996 4736 1039 4781 iu:
1061 4735 1201 4783 blemeirea
1220 4729 1364 4788 de'l’acao.
1383 4739 1473 4800 royale
1491 4739 1536 4788 dea
1555 4741 1680 4791 aciencea.
1718 4738 1790 4792 Paris
1809 4745 1878 4794 1t42
1897 4756 1922 4796 et
1943 4747 2019 4800 1743.
