4856 5896
1327 455 1381 534 st

554 666 1017 732 rumambitucaualicnlcrum
1038 673 1225 749 comparem
1247 683 1377 748 quorum
1399 663 1528 745 parietes
1550 658 2153 745 qnuminossibuscale'uratisglabroa

556 799 586 854 et
608 791 720 854 nitidos
743 810 810 852 esse
832 791 988 868 inveniret,
1008 791 1183 852 membrana
1204 789 1362 853 obvelatus
1385 807 1453 851 esse
1474 785 1683 850 arbitrabatur.

712 913 893 976 Novissimis
926 915 1113 995 temporibus
1141 914 1313 976 Dentsch
1335 910 1392 997 (Ι)
1426 911 1528 974 denuo
1564 910 1619 970 bas
1652 908 1787 987 suscepit
1818 907 2025 990 inquisitiones
2055 925 2158 990 neque

558 1057 656 1120 pauca
685 1037 711 1099 ei
740 1037 882 1100 debemus
908 1039 941 1100 in
970 1037 1161 1100 dilucidanda
1190 1037 1304 1100 ossium
1331 1035 1434 1098 inb'ura
1470 1039 1632 1096 structura.
1688 1030 1828 1094 Partibus
1855 1031 1962 1094 terem
1992 1049 2051 1112 ope
2077 1030 2159 1094 acidi

559 1181 635 1224 mur.
659 1180 696 1224 ex
719 1181 789 1224 osse
811 1160 954 1242 expulsis,
976 1169 1099 1244 partem,
1122 1180 1200 1244 quae
1222 1160 1352 1236 suberat,
1375 1157 1598 1238 cartilaginem
1621 1175 1681 1236 ope
1702 1154 1895 1234 microscopii
1918 1153 2077 1236 compositi
2098 1153 2160 1216 dis·

559 1284 688 1366 quisivit.
733 1284 927 1348 Canaliculos
948 1286 1152 1348 llaversianos
1172 1283 1302 1346 lamellis
1333 1281 1541 1358 ceucentricis,
1563 1279 1684 1361 alioque
1705 1277 1896 1340 lamellarum
1916 1277 2025 1340 ordine
2051 1278 2083 1340 iu
2110 1295 2161 1340 os-

560 1407 643 1470 sibns
665 1406 764 1488 longis
787 1408 922 1471 canalem
944 1408 1140 1472 medullarem
1161 1406 1354 1483 circumdari,
1381 1407 1413 1468 in
1441 1403 1624 1486 compressis
1651 1401 1773 1466 easdem
1802 1420 1841 1464 ex
1863 1401 2012 1483 parallelo
2034 1401 2161 1484 superti-

560 1531 617 1592 ciei
638 1551 819 1612 procurrere
840 1532 929 1608 vidit3
950 1532 1062 1614 ubique
1084 1531 1190 1594 eedem
1212 1529 1409 1594 crassitudine
1431 1547 1483 1622 eas
1505 1547 1573 1590 esse
1595 1525 1780 1602 observavit,
1811 1531 1900 1606 atque
1922 1523 2060 1604 configit,
2088 1531 2163 1586 uta

561 1632 733 1734 cartilagine
755 1675 810 1734 per
831 1653 951 1735 longius
973 1663 1091 1737 tempus
1112 1661 1263 1716 macerata
1283 1673 1425 1735 separare
1447 1657 1559 1734 posset.
1603 1651 1701 1712 Porro
1724 1647 1866 1710 describit
1887 1647 2073 1711 canaliculos
2090 1667 2162 1712 con·

562 1777 671 1852 fertus,
694 1795 711 1838 e
733 1783 905 1842 narraverso
928 1779 966 1840 eb
988 1798 1049 1840 uua
1069 1777 1193 1840 lamella
1214 1777 1253 1838 ad
1274 1777 1444 1857 proximam
1464 1772 1725 1866 nmsgredientes,
1747 1771 1779 1832 iu
1802 1769 1911 1854 quibus
1932 1777 2043 1834 terram
2065 1771 2162 1834 calca-

562 1919 645 1962 remn
668 1900 780 1982 deponi
800 1907 898 1982 putat;
931 1902 1112 1964 mentionem
1135 1901 1262 1983 deniqne
1284 1900 1355 1962 iecit
1376 1897 1636 1980 corpusculorum,
1659 1894 1871 1975 oblongorum,
1900 1915 1978 1976 quae
2000 1895 2111 1979 ubique
2126 1895 2163 1958 in

564 2043 632 2084 osse
655 2023 790 2104 dispersa
812 2044 831 2085 a
852 2025 1039 2104 Purkiuje
1061 2024 1177 2088 decc·
1199 2031 1277 2088 suut.

724 2271 802 2330 Tum
825 2276 858 2330 nt
879 2271 1005 2351 proprio
1027 2271 1084 2332 bae
1111 2269 1143 2333 in
1172 2269 1295 2330 materie
1322 2274 1519 2330 controversa
1545 2273 1647 2328 uterer
1670 2265 1802 2345 judicio,
1837 2285 1931 2348 quum
1960 2268 2088 2330 maxime
2118 2269 2163 2346 tur

564 2409 641 2474 quae
664 2409 682 2452 a
704 2393 872 2454 Deutscb
895 2392 1035 2474 inquisita
1056 2399 1141 2468 smrt,
1175 2397 1359 2466 corrrmotns,
1395 2389 1599 2470 experimenta
1627 2389 1732 2452 eedem
1762 2390 1879 2452 ratione
1906 2390 2014 2452 iterum
2042 2391 2163 2456 iusb'tu‘r

566 2513 683 2596 Quodsi
706 2515 887 2576 credendum
909 2516 980 2578 milri
1002 2522 1090 2590 esset,
1111 2514 1292 2595 opuseulum
1313 2513 1389 2576 illud
1411 2512 1616 2576 Dentschii
1637 2513 1717 2576 satis
1733 2512 1918 2592 divulgatum
1940 2533 2021 2590 csse,
2042 2523 2079 2576 ut
2098 2523 2163 2577 tarr-

566 2655 655 2718 quarn
677 2656 740 2699 rem
762 2645 864 2700 notam
885 2638 1010 2702 laudare
1032 2658 1168 2720 possem,
1195 2657 1258 2702 nou
1280 2645 1373 2714 esset,
1402 2657 1470 2714 cur,
1501 2657 1579 2719 quae
1601 2655 1659 2718 ego
1681 2635 1937 2718 disquisitionibus
1959 2637 2033 2698 meis
2055 2637 2164 2714 inveni,

565 2759 718 2840 copiosius
740 2780 930 2842 exponerem,
954 2769 1079 2826 atvero
1101 2783 1193 2844 quum
1215 2781 1278 2824 uon
1300 2761 1342 2824 ita
1363 2760 1410 2836 sit,
1431 2760 1511 2822 lrsud
1535 2780 1552 2822 e
1575 2781 1608 2822 re
1631 2761 1701 2835 erit,¹
1716 2758 1854 2840 pluribus
1877 2779 1913 2821 ea
1935 2761 2164 2840 communicare,

491 2887 496 2900 '
565 2883 671 2963 partirrr
701 2891 734 2945 ut
761 2885 818 2946 viri
847 2885 926 2948 doct.
949 2886 1175 2948 observationes
1204 2885 1298 2962 magis
1321 2884 1519 2962 divulgentur,
1547 2883 1654 2963 partiur
1677 2890 1711 2946 ut
1731 2901 1784 2944 eas
1806 2883 1981 2946 confirmem
2003 2891 2037 2947 et
2053 2887 2164 2965 passim

566 3006 713 3086 corrigam
736 3014 824 3086 atque
848 3026 981 3086 augeam.

725 3129 880 3190 Sectrrram
903 3129 1132 3190 transversalenr
1155 3128 1336 3210 diapbyscos
1358 3127 1491 3207 cujusvis
1514 3127 1591 3190 ossis
1614 3126 1762 3204 tribulosi,
1792 3147 1851 3210 ope
1880 3130 1958 3192 aoidi
1980 3151 2056 3194 mur.
2081 3133 2164 3196 diluti

567 3249 699 3332 partibus
722 3251 826 3314 terreis
848 3251 964 3332 privati,
986 3251 1188 3332 micrcscopio
1210 3251 1369 3333 inquirenti
1392 3251 1539 3314 iurauriua
1560 3252 1624 3313 sive
1646 3258 1805 3332 apertruse
1826 3251 1857 3314 iu
1880 3253 1989 3316 oculos
2010 3253 2166 3320 incurrunt

567 3372 639 3434 satis
670 3393 810 3454 magnae,
839 3395 916 3456 quae
944 3374 993 3437 vel
1021 3395 1147 3458 prorsus
1175 3381 1330 3454 separatae
1359 3372 1408 3435 vel
1438 3374 1479 3438 ita
1501 3374 1685 3454 constipatae
1713 3382 1798 3451 sunt,
1827 3384 1861 3438 ut
1889 3378 1952 3438 iere
1980 3397 2014 3440 se
2036 3387 2165 3460 tangant,

567 3515 716 3580 saepeque
739 3497 892 3562 canalibus
914 3499 979 3562 sive
999 3497 1218 3581 pelluceutibus
1241 3498 1304 3560 sive
1326 3469 1488 3578 persecatis
1510 3498 1589 3558 inter
1609 3516 1642 3558 se
1661 3499 1827 3578 jrurgantur
1849 3499 2057 3584 (T.l.Fig.V.
2071 3523 2097 3566 a.
2111 3503 2164 3582 d.).

567 3619 692 3700 Singula
713 3622 860 3686 foramina
882 3641 960 3701 area,
983 3623 1062 3686 striis
1084 3622 1264 3686 tenuissimis
1294 3621 1414 3703 quidem
1443 3620 1497 3684 sed
1526 3621 1598 3682 sutis
1620 3621 1785 3684 manilesb's
1807 3624 2005 3688 conceutricis
2027 3626 2165 3703 corrdata,

568 3744 796 3822 circumdantur,
819 3766 896 3830 quae
918 3747 991 3812 satis
1012 3747 1143 3810 rotunda
1165 3746 1269 3810 estiis
1291 3745 1376 3822 locis,
1399 3745 1507 3829 qrribus
1532 3753 1672 3826 separatu
1687 3753 1757 3808 sunt
1779 3747 1935 3823 foramina,
1957 3747 1994 3810 iis
2016 3767 2105 3822 vero,
2133 3750 2164 3809 iu

568 3867 675 3946 quibus
698 3869 857 3930 canaliculi
878 3869 923 3932 illi
945 3871 1008 3932 sive
1031 3870 1164 3933 sectione
1186 3871 1280 3948 aperti
1303 3877 1373 3930 snut
1403 3869 1466 3930 sive
1496 3869 1661 3947 pellucerrt,
1694 3869 1826 3948 oblonga
1856 3870 1889 3931 tit
1917 3869 1971 3942 ita,
2005 3875 2037 3930 ut
2066 3871 2165 3950 major

568 3986 729 4051 diametros
768 3987 986 4068 longitudinem
1027 3991 1140 4052 canalis
1180 3996 1323 4072 sequatur
1362 3989 1444 4072 (rig.
1479 3991 1517 4052 V.
1552 3990 1579 4054 b.
1615 3996 1667 4070 c).
1723 3992 1758 4056 lu
1791 3991 1908 4072 reliquo
1941 3989 2052 4070 spau'o,
2086 3994 2165 4058 areis

566 4109 753 4192 interposito,
775 4111 887 4176 similes
910 4119 1056 4193 apparent
1077 4112 1175 4188 striae,
1198 4112 1286 4173 aliam
1308 4131 1383 4176 vero
1405 4113 1484 4176 viem
1505 4122 1734 4196 persequentes,
1761 4133 1839 4196 quae
1859 4131 1966 4191 gressu
1987 4115 2082 4194 magis
2108 4117 2164 4179 rni-

567 4252 662 4295 nusve
684 4235 804 4297 undoso
825 4255 880 4318 per
901 4243 994 4298 totam
1017 4235 1094 4299 ossis
1118 4233 1343 4297 erassitudinem
1365 4234 1422 4297 sibi
1440 4236 1567 4298 iuricenr
1589 4237 1751 4320 parallelae
1773 4243 1963 4317 procurrunt,
1985 4243 2074 4320 etque
2089 4239 2166 4302 areis

568 4376 661 4438 supra
690 4357 845 4438 descriptis
875 4358 1066 4421 multifariam
1095 4359 1358 4438 interrumpuntur.
1405 4358 1574 4442 Marqiuenr
1604 4365 1759 4420 externum
1787 4356 1928 4420 sectionis
1956 4362 2164 4426 transversalis

568 4501 657 4563 quarn
679 4481 744 4543 lieri
765 4487 865 4562 potest
886 4481 1032 4543 maximae
1054 4481 1152 4546 oculis
1174 4487 1386 4566 persequentes
1414 4482 1503 4544 strias
1531 4499 1657 4564 prorsus
1687 4497 1726 4540 ex
1754 4476 1901 4560 parallelo
1924 4501 1993 4546 cum
2014 4482 2069 4548 illo
2091 4503 2163 4571 pro·

567 4622 690 4668 crurere
710 4605 855 4682 ridemus,
877 4609 912 4668 nt
929 4605 1000 4685 Jnre
1021 4621 1084 4667 non
1107 4603 1205 4667 solum
1228 4603 1415 4685 suspicemur
1436 4603 1489 4666 sed
1512 4600 1743 4680 concludimus,
1771 4601 1889 4668 circrrlis
1912 4605 2052 4672 striarum
2074 4627 2162 4672 cena·

708 4851 751 4926 (1)
771 4855 939 4920 llarrtselr,
957 4854 991 4906 de
1009 4852 1130 4918 penitiori
1150 4852 1248 4904 uarium
1266 4860 1396 4904 structure
1414 4851 1615 4908 &mustiones
1636 4813 1810 4906 t'ratialartae
1831 4852 1912 4912 18³4.
