4784 5894
1346 516 1351 530 ’
1384 551 1460 629 116

780 765 899 828 Eodem
920 764 983 826 fere
1004 771 1139 844 tempore
1162 761 1384 857 Mar‘rigues
1413 762 1469 849 (1)
1493 761 1659 826 docuinam
1681 763 1728 826 du
1756 761 1923 848 llamelii
1950 759 2190 844 redintegravita
2210 763 2246 826 in

621 887 758 970 pluribus
781 889 900 952 ossibus
922 888 1100 969 gallinarum
1123 895 1187 950 arte
1215 889 1348 951 ind-actis
1371 889 1446 950 fines
1473 888 1707 968 fragmentorum
1736 888 1909 950 immutatos
1937 886 1968 950 in
1995 887 2076 950 callo
2105 887 2246 950 interno

621 1019 651 1076 et
674 1019 799 1075 externo
822 1013 977 1074 inhaerere
999 1013 1086 1087 vidit;
1110 1013 1301 1075 infracturis
1325 1011 1512 1093 complicatis
1533 1011 1578 1074 nil
1600 1011 1682 1074 succi
1706 1012 1846 1075 exsudari
1869 1011 2041 1075 observavit
2059 1029 2098 1074 ex
2115 1010 2245 1074 finibus

622 1137 735 1198 ossium
757 1137 1009 1216 prominentibus;
1033 1136 1133 1218 itaque
1163 1137 1373 1199 formationem
1403 1135 1473 1198 calli
1503 1143 1603 1199 ortum
1632 1137 1751 1198 trahere
1780 1135 1980 1198 arbitrabatur
2007 1153 2025 1198 e
2052 1135 2248 1198 membrana

620 1259 777 1322 medullari
800 1268 830 1322 et
852 1280 870 1322 e
892 1261 1059 1342 periosteo,
1082 1281 1210 1343 quorum
1239 1260 1383 1342 explicari
1410 1259 1547 1323 lamellas
1576 1261 1708 1323 internas
1738 1259 1890 1342 cellasque
1919 1259 2112 1342 amplificari,
2138 1265 2245 1344 etque

619 1383 649 1444 in
671 1383 717 1446 his
740 1385 870 1468 denique
892 1385 1046 1447 materiem
1069 1393 1236 1447 cretaceum
1258 1385 1375 1465 seponi.
1421 1385 1469 1446 ad
1499 1384 1721 1482 disquirendum
1743 1391 1882 1446 neutram
1905 1383 1989 1460 calli,
2012 1403 2117 1467 quen,
2143 1384 2241 1447 llal·

619 1505 707 1570 lero
738 1509 918 1586 obversans,
941 1510 1114 1589 organicum
1139 1479 1205 1571 esse
1228 1513 1343 1586 censet,
1366 1528 1402 1572 os
1431 1509 1558 1569 fractum
1588 1527 1623 1570 ac
1644 1527 1749 1571 rursus
1778 1514 1915 1571 sananim
1946 1506 2034 1572 acido
2063 1509 2242 1574 muriatico

619 1629 714 1695 diluto
738 1633 895 1714 imposuit,
918 1641 1007 1715 atquc
1030 1653 1068 1693 ex
1091 1631 1185 1708 callo,
1208 1651 1271 1696 nou
1294 1633 1381 1694 aliter
1403 1651 1492 1714 quarn
1522 1649 1562 1693 cx
1583 1631 1651 1713 ipso
1675 1649 1758 1708 osse,
1780 1631 1977 1694 substantiam
1998 1631 2241 1714 cartilaginem

618 1755 724 1816 eadem
752 1757 891 1818 firmitate
914 1762 944 1818 et
973 1757 1132 1834 densitate,
1155 1763 1305 1819 structura
1333 1763 1432 1818 tanmu
1461 1755 1559 1818 minus
1588 1754 1762 1832 lamellosa,
1784 1755 1932 1832 residere,
1954 1761 2115 1840 partesque
2147 1757 2240 1820 ossis

617 1880 703 1941 fracti
732 1897 796 1942 non
826 1881 967 1944 secedere
995 1881 1078 1942 vidit
1125 1881 1222 1943 Etiam
1244 1880 1507 1943 Blumeuhach
1537 1877 1592 1964 (2)
1616 1879 1725 1942 callum
1747 1897 1811 1941 nou
1839 1897 1877 1940 ex
1907 1879 2017 1944 finibus
2045 1881 2124 1944 ossis
2159 1880 2239 1945 dnri

617 2001 735 2063 infracti
758 2010 855 2065 ortum
880 2006 998 2067 trahere
1019 2011 1112 2086 putet,
1135 2006 1189 2068 sed
1211 2005 1353 2067 exsudari
1373 2004 1475 2085 potins
1495 2023 1533 2065 ex
1548 2003 1629 2066 vasis
1648 2003 1781 2066 anemis
1803 2003 1955 2084 periostei,
1978 2021 2107 2087 eumque
2121 2007 2238 2088 primo

615 2125 775 2204 gelatinam
798 2128 920 2190 mollem
943 2131 1071 2206 referre,
1093 2149 1170 2213 quac
1192 2129 1303 2192 sensim
1326 2129 1357 2190 in
1379 2128 1582 2208 cartilaginem
1601 2127 1787 2203 indurescat,
1810 2133 1840 2191 et
1862 2147 1955 2190 succo
1979 2127 2108 2212 deniqne
2131 2149 2237 2194 osseo

614 2249 827 2330 perfundatur,
851 2253 1014 2336 annulique
1043 2255 1124 2316 ossei
1153 2253 1247 2315 instar
1277 2254 1425 2314 fracturae
1455 2249 1657 2314 circumdetur
1685 2267 1811 2334 eamque
1840 2252 2002 2314 contineat.
2047 2253 2234 2318 Secundum

616 2373 762 2434 Koeler
791 2374 846 2457 (3)
869 2377 1000 2456 gelatum
1022 2376 1107 2452 illud,
1130 2377 1212 2459 qnod
1233 2364 1375 2458 munuum
1398 2375 1623 2437 fundamentum
1641 2375 1711 2436 calli
1726 2375 1799 2438 loco
1819 2375 1947 2438 infracto
1964 2377 2231 2458 circumfunditur,

614 2497 722 2574 partim
745 2518 783 2560 ex
806 2499 899 2579 ipsius
922 2501 1000 2563 ossis
1023 2501 1195 2575 substantia,
1218 2500 1327 2579 partim
1349 2518 1423 2562 vcro
1445 2498 1534 2560 etiam
1555 2499 1742 2579 operiosteo
1765 2499 1936 2577 extendatur,
1960 2507 2050 2583 atque
2073 2521 2112 2564 ex
2134 2510 2229 2566 utro-

615 2637 673 2699 que
697 2622 777 2684 rasis
800 2623 970 2698 instruitur;
995 2623 1020 2686 si
1044 2644 1079 2686 eu
1102 2625 1141 2686 sit
1169 2625 1319 2700 frpetnrae
1348 2623 1440 2698 ratio,
1463 2628 1496 2685 ut
1525 2623 1611 2684 nulla
1640 2643 1657 2685 e
1685 2624 1795 2686 finibus
1821 2624 1923 2686 fractis
1954 2626 2096 2688 exsudat-i
2123 2628 2230 2710 possit

613 2741 752 2821 gelatina
776 2747 973 2828 primordium
997 2749 1072 2810 calli
1095 2749 1218 2810 formari
1241 2747 1341 2828 gelato
1365 2768 1382 2810 e
1404 2746 1474 2810 solo
1498 2747 1650 2828 periosteo
1672 2749 1780 2812 etluso.

773 2870 1039 2954 Socmmering
1068 2871 1121 2958 (d)
1145 2893 1216 2936 ossa
1238 2873 1336 2954 primo
1358 2879 1495 2953 tempore
1516 2891 1624 2935 revera
1644 2871 1845 2953 conglutinari
1868 2872 2078 2950 arbita-abutum
2106 2879 2225 2958 margi-

611 3007 666 3052 nes
694 2991 842 3058 fracturae
871 2997 912 3058 ita
934 2997 1079 3077 emolliri,
1101 3005 1136 3060 ut
1157 2997 1317 3077 gelatinam
1340 2997 1514 3058 exhiberent
1534 2997 1616 3058 vasis
1638 2997 1854 3074 abundantem,
1876 3017 1912 3060 ac
1941 2998 2030 3061 simul
2058 3000 2139 3064 inter
2168 3019 2223 3064 eas

611 3112 715 3190 gluten
743 3117 804 3178 vita
826 3121 995 3200 praeditum
1025 3121 1153 3197 effundi,
1175 3120 1227 3202 qni
1256 3119 1335 3182 intra
1362 3127 1486 3200 paucas¹
1503 3119 1706 3183 hebdomades
1732 3139 1860 3200 prorsus
1889 3123 2066 3186 ossillcetur.
2112 3124 2222 3189 Simile

612 3235 684 3318 quid
713 3237 852 3303 Aitkeu
876 3243 933 3328 (5)
959 3245 995 3306 de
1019 3245 1098 3307 callo
1121 3244 1274 3322 sentiebat,
1297 3265 1386 3327 quem
1408 3244 1498 3308 simili
1520 3243 1648 3327 quidem,
1672 3249 1761 3326 atque
1782 3244 1849 3326 ipsa
1872 3263 1956 3323 ossa,
1978 3248 2033 3308 aad
2055 3246 2149 3329 longe
2173 3259 2221 3313 ta·

611 3377 680 3421 men
703 3362 844 3442 dignitate
866 3369 1008 3432 inferiore
1031 3375 1180 3431 structura
1202 3387 1269 3431 esse
1288 3369 1419 3450 putabat.
1444 3405 1488 3416 -
1532 3370 1746 3432 Boettcher
1766 3366 1821 3452 (6)
1845 3369 1995 3450 duplicem
2014 3371 2221 3454 distinguebat

610 3484 758 3549 rationem
785 3490 973 3555 formationis
1001 3491 1086 3570 calli,
1115 3511 1212 3575 neque
1242 3499 1341 3554 tamen
1371 3493 1540 3556 accuratius
1569 3493 1723 3574 exposuit,
1751 3507 1881 3576 quanam
1909 3497 2220 3562 remmconditione

610 3627 682 3685 nna,
706 3633 836 3694 quanam
859 3618 952 3680 altera
975 3618 1073 3691 lieret;
1097 3617 1189 3680 modo
1212 3617 1365 3679 materiem
1388 3637 1507 3680 osseam
1530 3617 1642 3680 etlnndi
1666 3617 1697 3678 in
1718 3617 1855 3680 lamellas
1877 3617 2035 3698 periostei,
2058 3622 2153 3684 modo
2177 3641 2217 3686 ex

608 3735 688 3798 vasis
711 3737 806 3820 ipsius
828 3743 914 3804 faciei
938 3743 1081 3805 infractae
1103 3743 1298 3805 substantiam
1328 3742 1468 3804 exsudari
1491 3742 1705 3822 gelatiuosam,
1727 3742 1758 3802 in
1781 3760 1842 3824 qua
1863 3759 1937 3805 vasa
1959 3744 2071 3806 exoriri
2092 3745 2216 3832 ipsique

608 3861 739 3938 speciem
761 3867 886 3931 induere
901 3869 999 3932 carnis
1012 3879 1260 3946 recensexortae,
1283 3867 1459 3950 acdenique
1482 3867 1564 3930 illam
1587 3865 1743 3928 ossiticeri.
1791 3863 2008 3951 Walter('l)
2031 3887 2158 3948 prorsus
2182 3873 2215 3934 in

609 3987 784 4048 sententiam
809 3989 962 4051 llalleri
986 3993 1102 4069 abibat,
1126 3992 1266 4056 exsudari
1289 4000 1377 4074 atque
1400 3992 1547 4054 ossiticam'
1576 4011 1699 4054 succum
1722 3989 1856 4071 partibus
1885 3991 1991 4053 terreis
2019 3991 2214 4068 instructam

606 4174 928 4199 *u*-

767 4289 1116 4358 (r).1ttmiguea‚dns.
1136 4295 1248 4358 physiol.
1269 4305 1294 4344 et
1312 4297 1427 4356 chirurg.
1447 4313 1491 4346 sur
1514 4297 1543 4345 la
1560 4298 1663 4348 format.
1689 4297 1725 4346 du
1750 4298 1792 4347 cal
1819 4297 1883 4345 daus
1907 4298 1948 4346 les
1975 4299 2111 4352 lracrures.
2136 4299 2210 4350 rara

608 4373 737 4430 1183,-
757 4381 845 4435 Germ.
864 4399 916 4432 una
935 4401 995 4434 cnm
1015 4385 1073 4434 diss.
1093 4385 1233 4448 Bonnii,
1258 4386 1327 4448 Lips.
1348 4385 1426 4435 1786.
1532 4422 1537 4432 .

765 4466 806 4532 (2)
825 4471 1071 4536 Bluroeubaeh,
1091 4475 1185 4524 Gesch.
1205 4475 1231 4526 d.
1250 4473 1369 4536 llooeh„
1388 4477 1440 4526 tul».
1461 4475 1479 4527 l.
1506 4495 1541 4510 -·
1559 4475 1592 4528 ei.
1617 4475 1777 4536 llirhter,
1796 4473 1862 4530 chia,
1881 4475 1951 4531 lllbl,
1970 4483 1989 4530 t,
2006 4475 2052 4526 tt.
2071 4491 2097 4540 p.
2117 4476 2177 4532 tu.

766 4557 806 4622 (3)
825 4559 971 4624 lloeler,
991 4565 1169 4624 experimenta
1187 4564 1257 4612 cirea
1275 4567 1498 4626 regenerationem
1517 4565 1625 4622 casium,
1644 4563 1729 4610 (loeta
1752 4561 1831 4614 rtet.

765 4643 806 4714 (4)
827 4645 1080 4712 Soemrueriug,
1099 4669 1123 4700 r.
1142 4653 1198 4702 Bau
1217 4653 1262 4701 des
1281 4655 1409 4702 meusrhl.
1430 4653 1551 4715 litrpers.
1571 4651 1651 4703 nel.
1670 4667 1695 4713 p.
1715 4649 1759 4702 ⁴8.

529 4786 533 4796 ,
761 4733 801 4802 (5)
819 4737 961 4800 hltlaen,
980 4737 1047 4787 uber
1064 4735 1171 4789 llelnhr.
1190 4757 1218 4790 u.
1236 4743 1413 4802 Verrenlruug.
1434 4741 1464 4794 Τ.
1486 4741 1506 4794 l.
1525 4757 1551 4803 p.
1569 4739 1615 4792 4⁰.
1634 4763 1668 4776 -
1687 4739 1721 4791 ef.
1740 4739 1904 4803 lllclater,
1923 4739 1988 4790 cblr.
2007 4741 2136 4796 biblioth.
2155 4743 2203 4792 Η.

600 4823 678 4874 xlii.
697 4841 719 4888 p.
743 4825 805 4878 204.

758 4911 798 4982 (ll)
819 4915 1213 4980 noerrehee,1traunhelren
1232 4919 1257 4972 d.
1276 4918 1416 4969 linurheu.
1434 4916 1597 4980 Ktnigsherg
1614 4915 1694 4972 rtet.
1713 4916 1744 4969 Τ.
1764 4917 1785 4965 l.
1802 4931 1828 4980 p.
1849 4915 1910 4970 156.

758 5001 797 5072 (l)
816 5005 967 5068 Walter,
987 5014 1055 5056 auat.
1075 5007 1206 5064 lliusenm,
1225 5007 1256 5061 Τ.
1275 5008 1315 5062 11.
1334 5023 1356 5071 p.
1377 5003 1438 5062 lss'l.
