4856 5896
975 571 1052 648 Vll

211 770 300 876 'quu'e
319 801 365 854 ex
386 783 639 852 iudaumatiouc
658 781 820 873 oriuntur3
843 797 929 869 quae
950 779 1031 850 iude
1051 799 1074 850 a
1094 779 1205 850 medio
1225 781 1361 850 saeculo
1382 781 1573 874 praetelito,
1592 801 1640 850 ex
1660 784 1807 874 quopri·

211 947 298 998 mum
320 925 370 995 du
390 925 535 995 llamcl
556 923 780 1016 singularibus
802 923 1037 1012 experimentis
1060 942 1134 992 eam
1154 924 1321 992 tumuere
1343 925 1469 1014 coepit,
1506 923 1810 996 enumerandus

210 1089 316 1160 usque
336 1075 487 1156 temporo
507 1072 633 1135 tantum
655 1067 951 1155 experimentorum
973 1065 1293 1154 disputationumque
1313 1069 1730 1136 accuratarumsuscitovit
1745 1088 1809 1141 nn-

211 1231 345 1302 merum,
365 1215 403 1278 ut
422 1225 542 1277 novom
563 1208 750 1276 etiamnunc
771 1207 835 1274 illis
868 1207 1080 1296 scriptionem
1101 1207 1181 1274 addi
1213 1208 1311 1296 plane
1339 1212 1538 1297 superfluum
1565 1209 1673 1280 videri
1694 1211 1810 1297 possit

211 1355 337 1424 Verum
363 1346 544 1419 mirandum
565 1349 700 1418 illudio
722 1349 786 1418 hac
806 1367 845 1418 re
867 1355 1028 1440 apparet,
1057 1356 1094 1416 ut
1117 1348 1192 1416 iere
1214 1355 1267 1417 tot
1287 1351 1404 1418 variae
1425 1357 1493 1420 mm
1515 1351 1559 1420 de
1582 1357 1750 1424 structura
1775 1359 1811 1423 et

210 1499 284 1564 vita
315 1492 437 1563 ossium
467 1513 564 1579 quum
586 1491 628 1559 de
652 1490 847 1579 formatione
870 1491 946 1558 calli
970 1497 1070 1579 atque
1092 1489 1136 1559 de
1158 1493 1413 1583 regeneratione
1434 1493 1643 1563 substantiae
1664 1495 1810 1566 amissuc

209 1637 403 1729 propositae
422 1633 491 1702 sint
511 1631 708 1724 sententiae,
730 1637 810 1722 quot
831 1633 896 1700 viri
918 1632 962 1701 de
983 1632 1040 1700 luis
1060 1635 1162 1701 rebus
1180 1633 1459 1725 disquisiveruut,
1487 1653 1615 1722 eaeque
1635 1637 1685 1703 ita
1707 1655 1810 1724 saepe

210 1783 299 1850 inter
326 1794 367 1847 se
392 1771 601 1869 pugnantes,
627 1781 665 1843 ut
691 1776 751 1847 vix
772 1775 914 1868 intelligi
945 1782 1061 1866 quent,
1087 1775 1247 1863 quomodo
1277 1795 1391 1844 omues
1414 1795 1459 1846 eu
1478 1783 1615 1866 natura,
1644 1795 1810 1866 nunquam

213 1923 311 1992 venio
338 1925 374 1989 et
401 1911 617 2009 inconstanti,
638 1918 764 2006 petitae
785 1935 863 1984 esse
883 1917 1020 2006 possint
1064 1917 1104 1985 ld
1126 1917 1284 2005 quomodo
1306 1918 1378 1986 deri
1398 1920 1542 2006 potuerit
1563 1919 1723 2007 expedire
1751 1939 1811 1990 co·-

215 2064 312 2133 nuuti
336 2062 410 2150 ipsa
432 2056 585 2128 adeunda
606 2064 681 2127 erut
709 2065 847 2147 nature,
875 2075 1002 2145 eaeque
1031 2059 1132 2125 etium
1158 2065 1273 2147 partes
1293 2060 1561 2150 ,mandam
1599 2081 1684 2149 quas
1712 2082 1811 2150 quum

218 2206 301 2272 sutis
331 2202 521 2292 exploratas
551 2217 630 2268 csse
655 2199 748 2270 initio
779 2197 1011 2290 credidissem,
1040 2199 1240 2267 evolvendis·
1257 2206 1384 2270 tantum
1405 2202 1540 2270 aliorum
1562 2203 1655 2273 libris
1677 2223 1809 2295 cogno-

215 2365 311 2416 scere
331 2345 367 2413 in
388 2345 496 2412 animo
517 2343 636 2412 luerat
678 2343 780 2410 Plura
801 2341 883 2410 vero
904 2340 984 2408 iude
1004 2340 1084 2408 mibi
1105 2341 1331 2410 redtmdurunt
1352 2343 1530 2414 commoda
1574 2345 1718 2415 Primum
1729 2365 1810 2433 pro-

213 2489 288 2579 prin
317 2485 589 2575 contemplatione
616 2503 725 2552 rerum
752 2489 905 2552 naturum
940 2483 1102 2575 cognovi,
1137 2502 1224 2572 quae
1253 2485 1452 2575 cognitionis
1481 2486 1540 2554 viu
1567 2485 1640 2556 solu
1671 2489 1810 2561 omnium

213 2635 308 2701 certa
336 2634 371 2698 et
399 2627 490 2696 utilis
512 2632 583 2716 cst,
612 2630 782 2717 utque,ut
803 2625 959 2714 soletis,
989 2625 1047 2713 q'ui
1067 2625 1199 2694 siucero
1221 2625 1409 2714 ldeuthuo
1431 2628 1537 2696 animo
1561 2635 1713 2696 naturam
1738 2649 1811 2699 am·

208 2773 378 2862 plectitur,
397 2758 465 2836 nou
487 2769 560 2836 sinc
582 2755 690 2855 uliquo
714 2767 837 2834 laboris
858 2767 1003 2856 praemio
1026 2767 1215 2856 discedere,
1236 2768 1286 2836 sio
1308 2767 1453 2837 tortasse
1474 2769 1552 2838 mibi
1574 2789 1703 2858 quoque
1726 2791 1808 2840 cou-

208 2899 311 3006 tigit,
337 2917 376 2978 ut
400 2899 481 2978 utile
502 2907 623 2996 uliquid
646 2906 689 2976 ad
711 2906 928 2976 excolendam
952 2913 1057 2976 artem
1080 2913 1230 2976 nostram
1249 2909 1441 2978 invenirem.
1486 2911 1571 2978 Tum
1593 2929 1674 2980 vero
1698 2911 1809 2982 tontes

209 3039 394 3147 cognovi,
414 3067 458 3120 ex
487 3050 604 3139 quibus
631 3049 775 3141 insignis
806 3049 863 3115 illa
891 3050 1129 3116 sententiarum
1157 3049 1381 3138 discrepantia
1408 3052 1571 3142 originem
1598 3049 1711 3142 duxit3
1739 3051 1811 3123 vidi

208 3213 330 3267 mauce
357 3195 502 3283 ipsorum
531 3192 772 3280 inquisitionum
798 3191 943 3281 radone,
970 3190 1115 3283 singulis
1144 3191 1379 3279 phoenomenis
1408 3192 1492 3260 falso
1523 3194 1725 3284 aestimetis,
1755 3195 1810 3264 vel

209 3321 419 3429 opinionibus
441 3341 520 3406 ante
549 3335 716 3422 conceptis
737 3333 886 3422 ipsisque
907 3333 1194 3401 observationibus
1218 3333 1261 3400 ad
1284 3353 1344 3402 eas
1367 3335 1639 3425 accommodatis,
1666 3343 1703 3404 ut
1724 3355 1811 3424 pau-

209 3481 281 3570 cis,
302 3497 369 3547 uon
390 3483 459 3544 tam
480 3477 667 3546 observatis
689 3495 787 3564 quam
802 3475 928 3561 judicio
951 3493 1079 3563 corum,
1107 3477 1163 3563 qui
1185 3476 1420 3565 observarunt,
1449 3477 1637 3564 opinionum
1659 3479 1811 3548 verieta-

207 3629 281 3693 tem
301 3619 470 3689 inductum
493 3635 579 3687 csse.

373 3761 462 3828 lliuc
483 3760 572 3827 duae
593 3777 722 3847 quoque
745 3760 858 3827 resin
880 3757 1081 3825 elaboranda
1102 3758 1280 3844 scriptione
1301 3758 1682 3845 mammeresplcieudse
1694 3767 1809 3830 erant:

210 3904 350 3995 primum
373 3907 410 3969 nt
431 3921 491 3992 ec,
513 3916 599 3988 qnae
619 3901 693 3987 ipse
716 3899 966 3986 observassem,
987 3917 1069 3966 vere
1091 3917 1132 3966 ac
1153 3897 1220 3966 fide
1241 3905 1488 3988 cunctaremur,
1509 3897 1630 3967 tunde
1652 3906 1691 3970 ut
1711 3921 1809 3989 quem

211 4045 405 4137 plenissime
426 4061 547 4132 eorum,
569 4059 654 4129 quoe
677 4039 846 4128 hucusque
868 4039 1004 4130 cogm'ta
1025 4045 1151 4129 esseut,
1172 4039 1430 4110 ierctcollectio
1452 4041 1610 4129 brevique
1629 4050 1809 4132 conspectu

210 4188 330 4258 lectori
355 4187 390 4253 in
417 4175 605 4253 memoriam
631 4181 853 4250 reduceretur.
904 4180 1107 4250 Faciendum
1132 4181 1219 4250 enim
1247 4181 1442 4271 videbcn,
1469 4187 1537 4252 tum
1564 4190 1620 4272 ut,
1647 4203 1743 4272 quem
1765 4185 1808 4254 ad

211 4331 320 4400 locum
341 4329 498 4416 cuiusque
516 4327 569 4394 rci
590 4325 732 4394 scientie
754 4323 973 4413 pervertisset,
995 4329 1182 4414 appeteret,
1203 4329 1271 4392 nu
1291 4329 1340 4413 ut,
1361 4338 1448 4410 quae
1468 4330 1583 4410 partes
1606 4325 1714 4397 adbuc
1736 4327 1810 4396 dis-

212 4470 394 4561 quirendae
422 4473 607 4557 restarent,
642 4465 772 4568 facilius
799 4465 1049 4553 perspiceretur.
1100 4465 1217 4553 ltaque
1245 4469 1458 4554 conspectum
1486 4465 1629 4557 singolis
1658 4469 1809 4556 portibus

213 4611 421 4701 exponendis
456 4609 645 4676 bistoricnm
678 4607 851 4697 praemisi,
888 4605 923 4672 in
957 4623 1021 4694 quo
1049 4607 1194 4676 fortasse
1225 4615 1322 4676 euml
1349 4608 1404 4695 qui
1425 4607 1517 4692 iusto
1545 4608 1730 4700 longiorem
1756 4633 1808 4680 me

214 4755 321 4823 tuisse
349 4751 425 4820 milti
454 4750 665 4838 exprobrent.
715 4748 787 4819 Sed
814 4767 912 4836 quum
940 4765 1002 4836 per
1028 4767 1066 4817 se
1093 4751 1159 4836 lam
1188 4749 1232 4818 ad
1254 4751 1519 4842 cognoscendum
1535 4752 1804 4837 jucundissimum
