4784 5894
1299 611 1576 685 '1⁰⁰-

627 823 750 906 gulan'u,
770 841 845 886 mox
857 821 1090 887 'tuberculomm
1111 826 1277 897 catervam
1298 820 1456 900 interdum,
1478 819 1534 884 eud
1556 837 1636 898 roro,
1656 825 1799 902 tauquam
1819 822 1928 902 pontes
1944 825 2074 904 utroque
2086 818 2149 882 tine
2167 817 2233 881 cesi

628 947 767 1025 insident,
787 946 820 1010 in
841 947 941 1011 medio
962 945 1001 1009 eb
1023 965 1061 1010 eo
1084 945 1196 1010 distant
1217 943 1289 1032 (l);
1322 946 1372 1010 vel
1401 943 1575 1029 equemulcs
1606 950 1727 1020 tenues,
1759 941 1881 1024 longae,
1910 941 2006 1008 altero
2035 947 2151 1006 tentum
2172 941 2233 1004 ime

630 1091 700 1134 cum
723 1091 793 1134 osse
815 1075 980 1146 concretas,
1001 1069 1118 1152 reliquo
1142 1070 1272 1133 decursu
1293 1069 1347 1132 lin.
1371 1068 1446 1132 l-
1459 1068 1501 1149 l}
1525 1067 1681 1130 altitudine
1705 1065 1743 1128 ab
1771 1085 1809 1129 eo
1837 1065 1981 1129 distentos
2003 1065 2148 1147 effingtmt
2169 1063 2231 1147 (Ἄ).

630 1194 762 1258 trema
782 1193 956 1276 superficies
978 1199 1030 1255 aut
1050 1193 1156 1274 glabra
1177 1201 1237 1270 est,
1259 1198 1312 1255 aut
1333 1192 1457 1270 sulcata,
1479 1191 1603 1269 radiate,
1625 1189 1803 1267 tuberculis,
1831 1189 2010 1273 squamulis,
2031 1189 2146 1252 aculeis
2169 1190 2231 1252 exi·

628 1317 696 1398 guin
718 1317 835 1380 consite
856 1324 887 1381 et
907 1318 998 1380 variis
1020 1317 1118 1380 modis
1141 1335 1248 1398 aspera
1270 1323 1300 1377 et
1320 1315 1497 1399 inaequalis.

791 1441 882 1521 Quod
904 1441 944 1503 ad
965 1445 1153 1517 stmcturam,
1176 1445 1333 1502 exostoses
1355 1448 1408 1502 aut
1428 1439 1594 1502 substantio
1621 1457 1711 1502 ossea
1733 1435 1816 1515 dura,
1840 1437 1946 1500 ebumi
1965 1435 2063 1514 simili,
2085 1435 2226 1498 candente

630 1569 777 1644 constant,
799 1585 876 1648 quae
897 1583 961 1627 non
983 1565 1082 1628 solum
1104 1563 1192 1626 nudis
1215 1563 1329 1640 oculin,
1351 1562 1406 1626 sed
1428 1562 1517 1624 etium
1538 1561 1594 1626 sub
1613 1561 1697 1626 lente
1719 1579 1846 1642 prorsus
1868 1559 1995 1642 simplex
2018 1569 2152 1642 apparet,
2174 1560 2227 1622 sub

630 1687 833 1768 microscopio
854 1707 929 1751 vero
951 1694 1015 1750 rete
1038 1687 1276 1749 canaliculorum
1296 1685 1507 1748 medullatium
1528 1685 1677 1762 tenuium,
1699 1703 1777 1767 quae
1798 1683 1928 1748 lamellis
1951 1683 2150 1746 concentricie
2172 1683 2226 1746 cir-

631 1810 825 1886 cumdantur,
855 1809 1101 1891 conspiciendum
1123 1810 1261 1890 praebet,
1295 1809 1431 1872 similiter
1452 1815 1541 1892 atquc
1563 1808 1595 1871 in
1616 1815 1702 1892 parte
1724 1813 1846 1889 petrose
1868 1808 1945 1870 ossis
1968 1813 2152 1890 temporum
2180 1815 2228 1870 aut

630 1934 712 1997 intru
734 1931 900 1996 cullulosee
923 1939 1000 2011 sunt,
1020 1941 1050 1996 et
1071 1933 1230 2016 superficie
1251 1938 1367 1996 tautum
1389 1932 1501 1994 cortice
1523 1933 1613 2010 tenui,
1636 1937 1802 2014 compacto.
1823 1929 2030 2006 obducuntur;
2057 1931 2142 2011 ipsae
2169 1929 2226 1992 cel-

630 2056 679 2120 lae
702 2057 835 2120 medulla
858 2077 946 2120 ossea
968 2077 1043 2120 seua
1064 2057 1219 2138 replentur
1241 2054 1302 2140 (3).
1346 2057 1427 2120 Inter
1448 2056 1503 2118 has
1525 2057 1638 2119 formas
1659 2055 1736 2120 varii
1758 2063 1901 2137 tunquam
1931 2056 2043 2136 gradus
2064 2051 2227 2118 intermedii

628 2179 788 2258 intersunt,
823 2187 911 2263 utque
940 2200 1000 2244 uuo
1030 2181 1193 2264 eodemque
1227 2180 1376 2244 exustosis
1410 2198 1501 2260 saepe
1530 2198 1593 2242 unc
1622 2179 1694 2242 loco
1717 2179 1849 2241 eburnea
1871 2184 1934 2256 est,
1957 2177 2051 2242 altero
2074 2177 2226 2256 cellulose

628 2303 701 2385 quin
723 2324 798 2366 cava
819 2303 997 2366 medullaria
1017 2306 1136 2383 mujora
1158 2303 1312 2382 effingens.

787 2427 864 2488 Prae
886 2425 1009 2507 reliquis
1031 2425 1258 2500 advertendum,
1288 2444 1365 2507 quae
1395 2434 1574 2489 exustoseos
1597 2424 1758 2506 adipsum
1781 2444 1818 2487 os
1840 2425 1879 2487 sit
1900 2425 1987 2487 ratio.
2032 2425 2066 2487 lu
2087 2422 2223 2506 pluribus

627 2549 828 2630 praeparatis,
843 2567 939 2632 ·quuc
965 2549 997 2609 in
1021 2567 1126 2612 musco
1149 2548 1319 2610 anatomioo
1341 2548 1532 2610 Berolineusi
1554 2553 1759 2625 asservantur,
1792 2547 1959 2612 substantie
1993 2555 2172 2611 exustoseos
2197 2557 2226 2610 et

628 2673 723 2753 ipsius
746 2672 831 2748 ossiS,
855 2663 937 2754 qlrod
958 2691 1066 2752 parum
1088 2677 1302 2735 commutatum
1324 2677 1457 2752 apparet,
1479 2670 1572 2732 limite
1594 2670 1755 2754 perspicuo
1779 2671 1817 2733 ab
1838 2671 1967 2735 invicem
1985 2672 2141 2734 distinctae
2152 2680 2225 2748 suut,

626 2795 669 2858 ita
690 2803 723 2858 ut
745 2795 894 2858 exostosis
916 2815 974 2876 pro
997 2796 1175 2858 formatione
1197 2815 1287 2872 nove,
1309 2796 1372 2858 ossi
1395 2801 1510 2858 tantum
1531 2795 1692 2872 insidente,
1717 2795 1855 2858 habende
1876 2797 1923 2860 sit.
1967 2797 2003 2858 ln
2026 2795 2093 2858 aliis
2115 2793 2224 2876 duplici

626 2919 742 2982 ratione
765 2919 915 2999 effingitur
937 2927 1044 2995 tumor,
1066 2919 1174 2999 partim
1197 2919 1265 2999 ipso
1289 2939 1359 2982 osse
1381 2921 1551 2996 tumefacto,
1572 2919 1681 3000 partim
1703 2937 1785 2982 nova
1806 2919 1838 2981 in
1859 2919 2018 3000 superficie
2041 2925 2148 2982 exorta
2165 2921 2223 2982 lor-

624 3043 771 3116 mationc;
805 3048 839 3102 ut
860 3042 892 3101 iu
914 3041 985 3102 tibio
1008 3041 1140 3104 exustosi
1164 3041 1333 3120 syplrilitica
1364 3042 1481 3102 consite
1506 3042 1582 3118 vidi,
1614 3063 1703 3126 quam
1732 3049 1882 3105 recentem
1911 3041 1987 3104 Cell.
2015 3043 2099 3106 Prol.
2127 3043 2222 3105 Fro-

625 3165 707 3244 riep
730 3163 937 3244 inuuirendem
960 3163 1031 3224 mihi
1052 3163 1189 3236 tradidit;
1212 3183 1308 3244 quae,
1320 3183 1499 3246 quamquam
1520 3183 1619 3262 neque
1640 3166 1844 3246 magnitudine
1865 3185 1964 3248 neque
1987 3167 2084 3228 lomna
2105 3166 2223 3229 insolita

625 3286 758 3365 insignis,
782 3291 890 3362 tamen,
912 3306 1004 3368 quum
1025 3285 1122 3348 lucem
1143 3285 1272 3366 aliquem
1300 3287 1473 3349 forruatioui
1495 3287 1680 3350 exostosium
1709 3297 1798 3371 atque
1828 3290 1951 3352 omniuo
1980 3289 2148 3352 tumoribus
2175 3309 2221 3352 os-

627 3409 705 3472 sium
727 3409 867 3484 effundat,
889 3409 1040 3470 hocloco
1063 3409 1230 3470 accuratius
1254 3408 1449 3472 describenda
1471 3416 1525 3472 est.

786 3533 886 3612 Prope
908 3531 1164 3614 protuberantium
1195 3532 1284 3610 liujus
1313 3531 1402 3594 tibine
1432 3533 1520 3596 rrlctu
1544 3532 1694 3596 cariosum
1715 3534 1819 3597 locum
1840 3534 1960 3598 tenebat
1982 3536 2099 3598 formae
2119 3541 2221 3599 rotun·

786 3884 831 3957 (l)
852 3892 950 3951 Otto,
968 3888 1158 3952 Veneteanits,
1176 3888 1225 3944 No.
1243 3885 1323 3942 3154,
1345 3911 1375 3924 ·-
1396 3888 1591 3951 uenditare,
1609 3890 1664 3948 tait,
1682 3889 1738 3946 cll.
1763 3891 1804 3952 fig.
1822 3888 1842 3939 3
1860 3897 1887 3939 et
1903 3887 1923 3938 4
1940 3890 2062 3952 exiguum
2078 3889 2222 3940 delineavit

624 3979 756 4025 exottotin
775 3979 827 4025 esti
845 3978 949 4025 humeri
966 3978 1055 4024 radice
1073 3979 1190 4026 tenuiori
1207 3978 1379 4038 insidentem,
1403 3984 1431 4024 et
1454 3983 1580 4040 tunquam
1603 3991 1637 4026 ex
1661 3977 1887 4041 appendentem,
1911 3991 1979 4040 quae
1997 3979 2026 4026 in
2040 3979 2131 4029 medie
2151 3975 2219 4044 lim

626 4063 660 4110 ele
679 4079 736 4112 utre
753 4064 841 4124 dictat,
858 4064 927 4110 inln
944 4065 1052 4112 omniur
1069 4065 1099 4111 fit
1115 4073 1198 4126 atque
1211 4079 1301 4113 ruram
1318 4065 1373 4112 oui
1388 4065 1531 4134 imerunlrit,
1550 4079 1636 4128 neque
1654 4081 1716 4114 vero
1734 4081 1798 4114 crum
1816 4081 1849 4115 eu
1867 4074 1990 4115 ceroma
2007 4073 2055 4130 eet,
2073 4067 2120 4117 ted
2137 4070 2167 4118 in
2183 4069 2221 4117 lo·

625 4165 674 4200 rea
692 4148 749 4212 ejus
767 4151 856 4200 cubat.

786 4235 828 4302 (2)
846 4239 907 4288 lluo
926 4236 1053 4302 ejusmodi
1074 4245 1224 4302 praeparata
1241 4238 1270 4286 in
1287 4253 1380 4288 museo
1397 4245 1465 4286 anat.
1484 4239 1571 4288 llerol.
1589 4248 1769 4301 tenementum
1788 4248 1816 4290 et
1832 4241 1932 4290 similla
1950 4241 2003 4292 duo
2019 4241 2221 4305 exemplaflan·

629 4325 741 4376 dilect
759 4327 902 4376 delineavit
921 4329 972 4380 tab.
991 4327 1036 4390 ut,
1055 4327 1095 4388 lig.
1117 4325 1196 4387 1-5,
1224 4335 1303 4390 atqcue
1321 4341 1368 4390 pre
1385 4327 1505 4376 tuereris
1524 4330 1683 4390 aquametlu,
1707 4344 1775 4392 quae
1792 4331 1886 4392 partim
1904 4343 1965 4380 eum
1982 4344 2040 4379 ome
2056 4345 2149 4380 rurrut
2165 4345 2223 4380 ece·

628 4414 737 4472 luerint,
756 4413 857 4462 habant.
893 4415 924 4462 ln
943 4417 1110 4478 praeparatis,
1129 4430 1196 4477 quae
1213 4415 1243 4461 in
1260 4414 1311 4462 lrec
1328 4414 1394 4462 urbe
1412 4423 1481 4478 runt,
1500 4415 1607 4464 nullum
1624 4418 1753 4478 reperitur
1769 4418 1881 4480 tignum,
1900 4429 1933 4466 ex
1951 4433 2003 4483 quo
2021 4418 2162 4468 tanetum
2180 4418 2223 4467 ad·

623 4501 705 4552 tuisse
722 4502 855 4550 concludi
874 4509 962 4562 queat.
979 4523 1013 4540 w·
1034 4504 1109 4551 conl.
1128 4517 1189 4551 ran
1207 4502 1390 4550 lleekeren
1407 4501 1428 4554 l.
1447 4518 1470 4552 e.
1489 4519 1514 4566 p.
1533 4501 1577 4558 Π.

786 4584 826 4652 (3)
846 4587 941 4636 Petit
958 4587 978 4640 l.
997 4603 1021 4641 c.
1045 4589 1076 4636 ¹1⁹.
1095 4590 1131 4642 ΙΙ.
1157 4606 1181 4652 p.
1199 4588 1274 4639 ³⁵'le
1299 4590 1487 4652 ,querquetum
1506 4587 1556 4653 j'ai
1581 4591 1673 4640 meur&
1689 4587 1828 4642 l'exettore
1845 4607 1946 4644 comme
1963 4592 2127 4657 enreluppde
2144 4592 2223 4644 d'uue

624 4675 697 4726 lime
717 4691 823 4726 notente
841 4675 911 4724 eunti
929 4675 1003 4734 derra,
1020 4691 1073 4737 que
1090 4673 1190 4724 l'e'nrall
1208 4677 1254 4726 det
1272 4678 1336 4726 dens
1355 4687 1382 4726 et
1397 4671 1551 4726 l’tnterteur
1566 4678 1628 4742 plut
1645 4679 1800 4748 spongieux,
1818 4689 1844 4730 et
1861 4677 1916 4730 l'en
1934 4661 2028 4747 voyoit
2044 4681 2221 4732 aucellator-

625 4763 760 4814 tinuerton
778 4765 811 4814 cle
829 4760 996 4826 l'enrcloppe
1014 4764 1079 4811 dure
1098 4771 1124 4811 et
1141 4765 1200 4825 plut
1218 4763 1331 4814 blanche
1349 4774 1374 4813 et
1391 4767 1528 4827 beaucoup
1546 4765 1607 4828 plur
1625 4765 1711 4818 tende
1729 4783 1781 4830 que
1799 4768 1826 4816 le
1843 4770 1946 4832 portien
1964 4771 2038 4818 uine
2055 4769 2089 4818 de
2107 4767 2224 4824 Γου-

621 4854 801 4920 Μοιμμί
818 4853 839 4906 l.
857 4867 880 4906 c.
900 4867 942 4914 ep.
961 4851 993 4902 L.
1011 4857 1060 4898 att.
1078 4849 1129 4900 6οι
1147 4867 1232 4908 ,terra
1248 4869 1276 4900 ot
1292 4855 1430 4916 lpttmque
1449 4847 1672 4918 (extuberantlam
1689 4855 1742 4904 otti
1759 4856 1864 4906 lemorit
1882 4853 2052 4920 incidentem)
2076 4862 2223 4910 mundun

624 4933 818 5005 longitudinem
836 4940 975 4988 «umectam
994 4953 1056 4988 eun
1074 4939 1239 5002 inrpieerern,
1256 4955 1315 4990 earn
1332 4939 1440 5004 quidem
1458 4955 1491 4989 ex
1509 4942 1589 4990 omit
1607 4942 1716 4992 cellulis
1734 4951 1896 4998 cunctantem
1914 4946 1980 5010 ridi,
1997 4945 2142 4998 medullari
2160 4949 2222 5012 pluo

622 5031 727 5096 liquido
745 5037 772 5078 et
788 5029 856 5077 lero
873 5027 1059 5079 tumultuum
1630 5009 1633 5016 Ι
