4856 5896
1022 525 1074 602 td

399 735 503 818 ltaque
526 735 625 800 solum
647 755 685 800 ex
707 755 754 814 eo,
776 741 877 798 utum
899 739 1050 798 structura
1072 735 1190 799 ossibus
1213 737 1338 818 propria
1360 737 1390 799 in
1412 736 1458 800 his
1482 739 1699 800 concrementa
1712 739 1845 820 reperia-

244 867 301 936 tur,
321 878 380 922 nec
402 878 449 936 ne,
473 859 571 922 dirimi
593 857 647 922 illa
667 859 705 923 lis
727 861 847 941 poterit.
893 859 1031 939 Mor-ge
1038 860 1101 940 gni
1123 861 1176 942 (l)
1199 861 1230 922 ln
1254 861 1359 923 ordine
1381 861 1566 939 tibrillarnm,
1589 861 1694 943 quales
1715 861 1746 922 in
1770 862 1847 924 ossi-

242 983 300 1046 bus
321 982 529 1060 observantur,
551 991 633 1044 recta
656 984 878 1045 excurrentium
899 982 1032 1063 ponebat
1054 983 1196 1044 indicium
1219 984 1258 1044 ad
1279 1003 1353 1046 vera
1375 1003 1447 1046 ossa
1469 1005 1487 1046 a
1509 984 1593 1046 dnus
1622 983 1699 1046 alius
1728 983 1846 1064 generis

175 1181 178 1186 Ι
243 1103 484 1168 concretionibus
506 1105 744 1182 internoscenda,
767 1107 879 1185 etjam
903 1112 1062 1198 antaeum
1085 1107 1300 1170 hhr.Vater
1322 1105 1374 1188 (2)
1395 1108 1475 1170 striis
1497 1107 1694 1170 albicantibus
1716 1113 1746 1168 et
1766 1115 1846 1171 stra·

239 1235 324 1292 carra
345 1228 449 1290 striata
470 1247 575 1290 verum
598 1247 634 1291 os
656 1248 675 1289 a
697 1227 821 1290 calculis
843 1228 1051 1308 distinguebat,
1075 1237 1105 1290 et
1126 1230 1148 1291 1.
1172 1229 1376 1291 Salzmann
1399 1228 1452 1314 (3)
1482 1231 1513 1292 in
1543 1231 1681 1293 ordinata
1702 1230 1847 1293 librarum

241 1352 281 1414 ad
304 1359 416 1413 certam
438 1351 633 1414 directionem
655 1351 852 1433 dispositione
873 1358 999 1414 naturae
1021 1371 1093 1416 vere
1115 1371 1222 1414 osseae
1244 1353 1387 1414 indicium
1416 1353 1546 1433 positum
1569 1353 1777 1418 arbitrabatur.
1801 1385 1841 1400 -
1877 1369 1880 1378 ’

239 1473 442 1554 Morgagni
465 1473 517 1557 (l)
540 1474 630 1555 igitur
651 1475 860 1538 concretiones
893 1493 951 1556 pro
980 1475 1081 1556 specie
1110 1481 1235 1538 estem
1262 1475 1415 1557 distinguit
1436 1476 1471 1548 in
1493 1475 1643 1558 lapideas,
1671 1477 1842 1558 tophacess,

237 1614 368 1679 gypseas
391 1605 421 1660 et
443 1597 627 1675 caimdosas,
656 1603 686 1661 et
707 1599 738 1660 in
761 1617 865 1662 osseas
887 1597 937 1662 vel
961 1599 1057 1680 (quod
1081 1599 1251 1662 cautissime
1273 1599 1368 1678 addit)
1391 1600 1506 1662 ossium
1532 1600 1707 1664 simillimas.
1759 1600 1839 1661 Fere

236 1723 341 1784 eadem
362 1721 478 1784 ratione
500 1721 677 1784 Beclard
700 1719 854 1802 distinguit
875 1721 906 1783 in
929 1723 1138 1785 concretiones
1160 1723 1376 1804 (ossitications
1399 1723 1623 1802 accidentalles)
1645 1729 1773 1808 terreas,
1796 1722 1848 1784 la:

235 1845 349 1927 pideas,
372 1844 554 1908 substautias
576 1846 690 1907 vitreae
713 1844 846 1908 dentium
868 1845 988 1922 similes,
1011 1845 1140 1928 deniqne
1161 1847 1193 1907 in
1215 1865 1275 1924 eas,
1298 1867 1375 1928 quae
1397 1853 1522 1924 textura,
1544 1843 1658 1922 colore,
1688 1847 1839 1926 composi-

234 1969 317 2031 tione
347 1969 478 2031 cbemica
501 1968 626 2032 *ossibus
656 1987 782 2048 prorsus
812 1987 901 2048 pares
929 1975 960 2030 et
985 1969 1138 2048 pericsteo
1168 1969 1311 2051 cellisque
1340 1969 1555 2032 medullaribns
1577 1969 1740 2032 isrstructae
1760 1977 1840 2030 sunt.

236 2091 298 2154 Sed
320 2111 409 2174 quam
431 2091 544 2155 incerta
567 2099 596 2153 et
618 2089 738 2152 fallacia
760 2089 819 2154 sint
842 2097 1024 2171 argumenta,
1048 2112 1066 2152 e
1087 2091 1155 2154 sola
1177 2092 1278 2172 speeie
1300 2099 1424 2153 externa
1445 2093 1553 2172 petita,
1581 2093 1631 2154 rel
1650 2095 1716 2172 jam
1738 2112 1756 2154 e
1778 2099 1839 2154 sta-

234 2213 290 2276 diis
313 2213 494 2277 evolationis
517 2215 632 2277 ossium
655 2213 822 2276 accuratius
845 2215 1001 2296 perpensis
1024 2215 1126 2298 liquet,
1147 2215 1198 2276 vel
1219 2215 1348 2276 maxime
1371 2235 1409 2276 ex
1431 2214 1604 2277 evolutione
1626 2215 1756 2295 partium
1766 2233 1839 2278 vere

233 2357 396 2413 ossearum,
420 2357 496 2420 quae
519 2339 632 2401 ossium
663 2337 895 2400 inflammatione
919 2339 1061 2415 existent,
1090 2359 1126 2399 ac
1155 2338 1248 2400 modo
1277 2338 1384 2399 molles
1413 2343 1483 2400 sunt
1504 2345 1534 2399 et
1555 2338 1716 2415 terribiles,
1744 2338 1837 2402 modo

233 2461 351 2523 duritiei
373 2461 512 2542 lapideae
536 2467 565 2522 et
588 2461 746 2538 eburneae,
769 2462 861 2524 modo
884 2461 1018 2524 iriahiles
1041 2467 1195 2542 apparent,
1219 2465 1248 2521 et
1270 2461 1364 2523 nihilo
1387 2468 1487 2522 tamen
1510 2462 1609 2524 minus
1632 2479 1737 2523 omnes
1759 2463 1837 2522 refe-

232 2593 302 2646 runt
326 2586 529 2660 characteres,
552 2585 604 2666 qui
627 2585 666 2646 ad
690 2593 828 2646 naturam
852 2605 971 2647 osseam
992 2585 1152 2665 pertinent.
1199 2585 1326 2645 Unicum
1348 2585 1439 2664 igitur
1462 2592 1492 2646 et
1514 2584 1766 2666 simplicissimum
1786 2603 1836 2646 re-

228 2707 373 2784 medium,
397 2727 457 2789 quc
481 2711 565 2768 extm
588 2725 707 2768 omnem
729 2706 944 2768 dubitationem
966 2709 1040 2786 poni
1063 2707 1173 2786 possit,
1202 2706 1292 2767 telam
1313 2725 1385 2767 vere
1409 2727 1529 2770 osseam
1552 2715 1673 2789 praeter
1695 2727 1833 2770 normam

227 2827 416 2910 inpartibus
444 2828 585 2890 mollibus
615 2829 759 2906 existere,
781 2829 913 2908 positum
937 2835 984 2889 est
1006 2828 1037 2888 in
1063 2828 1254 2909 inquisitione
1277 2829 1508 2908 micrcscopica;
1539 2833 1627 2908 eujus
1651 2851 1710 2911 ope
1733 2837 1832 2894 certos

226 2952 365 3016 novimus
389 2952 583 3028 characteres,
605 2957 639 3012 ut
661 2951 825 3042 singularia
848 2950 1031 3032 corpuscula
1054 2969 1150 3028 ossea,
1174 2949 1414 3011 caualiculorum
1428 2951 1665 3030 dispositionem,
1687 2951 1831 3014 lamellas
1907 2964 1912 2974 ”

226 3076 353 3158 denique
377 3075 585 3138 conceutricas
609 3075 784 3136 canaliculis
807 3074 991 3136 incremento
1015 3075 1227 3138 consummatis
1251 3074 1451 3150 circumditas,
1474 3074 1582 3156 quibus
1598 3075 1687 3136 telam
1700 3093 1829 3150 osseam,

226 3199 327 3261 ubiubi
351 3205 497 3275 occurrat,
520 3205 581 3259 tam
605 3198 748 3260 siccatam
771 3217 862 3278 quam
885 3203 1037 3258 recentem
1060 3217 1225 3276 agnoscere
1247 3198 1411 3278 possimus
1458 3200 1562 3280 ltaque
1584 3205 1618 3260 ut
1641 3199 1752 3261 certior
1780 3199 1832 3258 tie-

225 3342 296 3400 rem,
320 3330 420 3384 uuum
442 3322 503 3383 tela
524 3341 595 3383 vere
617 3339 707 3384 ossea
728 3326 847 3400 praeter
869 3340 1006 3382 normam
1029 3327 1058 3382 et
1080 3328 1166 3381 extra
1188 3321 1333 3382 sceletum
1356 3323 1483 3384 existere
1512 3322 1623 3402 possit,
1652 3323 1756 3402 plures
1785 3323 1831 3384 iu-

225 3447 332 3530 quisivi
354 3425 655 3526 partes¹ossitieatas‚
686 3463 812 3526 quarum
835 3444 985 3505 uberrima
1008 3444 1096 3523 copia
1118 3445 1150 3505 in
1171 3463 1292 3522 museo,
1316 3445 1398 3526 qnod
1421 3451 1465 3506 est
1487 3446 1632 3524 Berolini,
1656 3447 1826 3508 anatomico

225 3577 408 3644 asservatum
432 3569 539 3650 quibus
563 3568 787 3650 quaestiouibus
810 3587 886 3649 quae
910 3569 1017 3647 reperi,
1041 3567 1146 3647 paucis
1169 3587 1250 3629 rrunc
1273 3587 1433 3648 exponam.

382 3693 488 3754 Plures
512 3691 701 3770 cartilagines
724 3691 866 3771 l‘aryngis,
888 3691 1158 3769 thyreoideae‚
1183 3690 1359 3767 cricoid.,
1383 3692 1646 3770 arytaenoid.,
1675 3699 1756 3752 totae
1778 3692 1827 3753 vel

223 3816 331 3897 partim
355 3815 531 3891 ossilicatae,
554 3821 734 3876 structuram
756 3833 882 3894 prorsus
906 3831 1024 3874 osseam
1047 3813 1259 3884 ostendebaut;
1291 3813 1468 3872 constabant
1490 3813 1684 3891 utplurimum
1712 3815 1827 3874 cortice

223 3945 381 4020 compacto
410 3939 505 4016 tenui,
537 3945 624 4019 atque
648 3937 750 4018 diploe
774 3936 936 4010 cellidosa3
966 3936 1022 3998 sub
1046 3936 1265 4014 microscopio,
1293 3941 1327 3996 ut
1355 3935 1387 3995 in
1410 3936 1529 3998 ossibus
1553 3936 1735 4014 vulgaribus,
1759 3957 1827 3998 cor-

221 4063 362 4143 puscula,
393 4063 487 4126 cellae
517 4070 547 4124 et
577 4061 737 4122 canaliculi
767 4060 895 4122 lamellis
924 4060 1123 4121 eoneenhicis
1152 4060 1240 4121 cincti
1272 4059 1468 4139 apparehaut;
1498 4060 1528 4119 id
1557 4060 1639 4142 quod
1668 4079 1705 4122 eo
1728 4061 1826 4122 minus

219 4187 327 4250 ninam
348 4187 504 4262 videbitur,
528 4186 609 4267 qnod
622 4183 676 4246 has
691 4184 879 4264 cartilagines
893 4189 1043 4245 structura
1058 4184 1277 4246 ossescentium
1292 4203 1358 4246 esse
1373 4203 1465 4262 supra
1476 4185 1541 4262 jam
1555 4183 1759 4260 exposuimus.
1785 4219 1823 4231 -

224 4325 543 4348 *W

380 4407 419 4470 (1)
439 4409 633 4477 hlorgagni,
652 4409 672 4460 l.
691 4423 715 4462 o.
735 4423 774 4468 ep.
793 4406 878 4461 XXV.
897 4413 943 4455 art.
964 4408 991 4460 s.

379 4493 419 4558 (2)
440 4497 558 4543 Vatari
576 4513 662 4563 progr.
682 4497 715 4544 sd
734 4497 789 4549 cta,
809 4497 893 4546 rariss.
915 4495 1012 4542 caleni.
1033 4502 1058 4541 et
1074 4501 1205 4555 osteogen.
1223 4494 1301 4544 Thes.
1313 4491 1356 4542 21.

380 4577 420 4646 (3)
440 4583 478 4632 Gi,
497 4583 680 4644 Morgagui
698 4583 719 4633 l.
740 4599 764 4632 e.

379 4665 421 4734 (4)
439 4669 493 4720 l.e.
512 4665 626 4732 xxvii,
643 4671 679 4721 ²0
696 4673 767 4728 ,hoc
786 4685 869 4718 rsuram
887 4671 981 4730 «licam,
1001 4683 1044 4718 me
1062 4683 1177 4730 spiraque,
1196 4683 1256 4716 cram
1274 4683 1360 4718 osseus
1378 4685 1452 4731 roeo,
1471 4686 1523 4717 non
1542 4671 1616 4718 alind
1629 4685 1707 4732 qrsanr
1727 4673 1820 4720 simili·

216 4763 337 4811 tudinem
357 4765 476 4819 spectare
493 4771 541 4805 nec
566 4759 671 4818 qnando
689 4773 780 4807 revers
805 4775 890 4806 osseas
916 4767 962 4806 arat
986 4773 1047 4806 rere
1072 4767 1130 4804 ossa
1158 4773 1211 4804 non
1235 4759 1315 4806 umato
1340 4759 1369 4804 ln
1394 4760 1505 4818 arteriis,
1533 4761 1581 4806 sed
1605 4767 1631 4805 et
1655 4759 1721 4806 alibi
1740 4762 1822 4809 luisse

217 4851 313 4910 scriba,
332 4846 412 4894 aliud
430 4846 496 4892 mihi
516 4846 587 4892 selle
609 4881 615 4896 .
644 4882 651 4896 .
677 4883 684 4898 .
714 4883 721 4896 .
748 4847 1138 4908 3sedrrteertoseias,quss
1159 4851 1451 4907 «sementariarum
1471 4848 1817 4912 constumiaareapssas·

218 4939 269 4988 seis
288 4944 360 4986 tanto
378 4935 520 4984 similiores
540 4935 609 4982 visas
628 4948 693 4996 esse,
713 4943 809 4996 qrranto
829 4936 950 4998 lapideis,
969 4937 1108 5000 tapinosis,
1128 4936 1239 5002 gypseis,
1258 4935 1409 4994 ealcrrlusts,
1434 4935 1638 4988 ‹lissimiliorrs.·
