4784 5894
1397 489 1450 566 ut

1121 701 1372 766 Materiacanim.
1395 699 1513 766 Salium
1523 701 1708 768 solubilium.
1730 703 1945 768 Galcar.oarb.
1970 699 2101 766 Galam.
2114 701 2232 784 ptospt.

613 829 694 891 Galli
718 847 790 911 pars
812 835 945 892 externa
1227 825 1303 904 uuo
1520 825 1594 904 11,3
1824 827 1878 905 5,'i
2073 824 2153 904 33,0

648 983 663 1012 ι
742 984 758 1010 ι
807 952 924 1015 interna
1006 951 1008 956 ’
1227 948 1302 1028 48,5
1519 948 1594 1029 12,8
1825 949 1878 1030 6,ss
2027 1003 2030 1010 .
2075 949 2150 1029 325

609 1079 684 1140 Pars
707 1077 785 1140 ossis
807 1095 882 1140 sana
1227 1073 1303 1152 tito
1520 1073 1593 1152 124
1827 1075 1878 1154 ao
2076 1075 2148 1154 tou

611 1206 656 1264 Os
679 1209 787 1283 sponte
810 1200 1007 1276 incrassatum
1229 1197 1304 1276 l3,⁰
1520 1198 1594 1278 lau
1826 1199 1879 1278 6,5
2074 1197 2150 1278 363

610 1327 686 1389 Pars
708 1326 787 1390 ossis
810 1325 996 1390 contermina
1018 1341 1092 1388 sana
1226 1319 1300 1400 aas
1537 1322 1591 1401 s,o
1824 1322 1878 1402 83
2073 1323 2150 1402 tto

609 1449 769 1514 Exostosis
1226 1445 1270 1510 tu
1515 1447 1559 1511 lo
1803 1448 1845 1513 lt
2071 1448 2119 1514 3⁰
2354 1473 2356 1556 p

770 1573 939 1640 Exsudatio
962 1571 1146 1636 substantiae
1169 1591 1276 1634 osseae
1305 1581 1358 1634 ant
1387 1571 1418 1632 in
1447 1577 1573 1636 externa
1594 1573 1628 1636 tit
1650 1573 1826 1656 superficie,
1859 1593 1920 1658 qna
1948 1593 2080 1656 semper
2111 1582 2232 1656 augetur

607 1701 751 1762 volumen
773 1697 869 1773 ossis,
900 1705 951 1760 aut
974 1697 1005 1758 in
1027 1697 1191 1778 parietibus
1215 1716 1359 1760 cavorum
1382 1693 1609 1773 medullarinm,
1638 1697 1720 1761 unde
1749 1699 1954 1762 condensatur
1981 1699 2050 1762 tela
2074 1707 2164 1762 antea
2183 1699 2230 1762 vel

607 1824 768 1886 mmetaota
789 1820 840 1885 vel
862 1839 926 1884 non
948 1827 1077 1896 mutata;
1100 1819 1261 1884 canaliculi
1284 1819 1466 1884 medullatas
1489 1819 1697 1884 diminuuntur
1718 1829 1749 1885 et
1770 1822 1939 1886 substantia
1960 1831 2133 1906 compacta
2152 1821 2230 1886 duri-

606 1950 677 2011 tiem
700 1942 876 2028 adipiscitur
906 1945 1085 2016 eburneam:
1114 1944 1259 2008 cellarum
1286 1945 1417 2026 parietes
1446 1944 1631 2008 substantiae
1659 1947 1844 2028 spongiosae
1867 1949 2058 2026 massiores,
2089 1949 2228 2032 ipsaeque

606 2073 703 2136 cellae
726 2071 872 2134 arctiores
893 2071 977 2146 tione,
999 2077 1034 2132 ut
1055 2069 1116 2132 teia
1138 2069 1285 2132 densitate
1307 2069 1458 2132 interdum
1481 2069 1678 2132 substantiam
1701 2071 1876 2136 cort‘calem
1899 2081 2025 2156 aequet,
2057 2073 2151 2136 tubus
2179 2071 2226 2134 de-

605 2197 696 2280 nique
719 2195 895 2258 medullaris
918 2194 1032 2257 ossium
1055 2193 1291 2274 cylindricorum
1320 2199 1402 2256 totus
1431 2191 1481 2256 vel
1503 2194 1613 2274 partim
1635 2192 1822 2258 obliteratur.
1872 2197 1907 2259 ln
1938 2197 2059 2262 ossium
2091 2195 2225 2260 fracturis
2355 2171 2356 2242 l

606 2341 726 2402 semper
748 2319 904 2400 aliquanto
926 2317 1010 2398 prius
1033 2336 1123 2399 quarn
1152 2317 1183 2378 in
1213 2317 1373 2396 superficie
1404 2317 1483 2380 ossis
1513 2316 1655 2380 exsudari
1683 2320 1783 2401 reperi
1811 2322 1966 2384 materiem
1994 2323 2030 2386 in
2061 2321 2139 2386 tubo
2168 2339 2225 2384 me—

607 2443 726 2520 dullari,
748 2443 780 2504 in
802 2461 864 2524 quo
887 2441 938 2502 viu
960 2445 1072 2504 statum
1094 2439 1319 2519 cartilagineum
1343 2441 1569 2522 deprehendere
1593 2441 1729 2523 contigit.

766 2569 820 2628 De
855 2565 1029 2628 exitibus
1064 2564 1186 2626 variis
1220 2564 1560 2643 inflammationis,
1595 2565 1782 2648 Howship
1806 2568 1858 2650 (l)
1894 2570 1937 2632 de
1965 2571 2224 2636 resolutione

606 2697 714 2760 haecce
737 2691 838 2754 affert:
866 2689 1018 2752 »Simulac
1039 2688 1193 2770 praeteriit
1215 2689 1456 2752 inflammationis
1486 2689 1635 2770 insudtus,
1659 2690 1815 2774 absorptio
1838 2701 1928 2776 atque
1951 2697 2117 2759 exsudatio
2140 2701 2222 2757 ancta

604 2817 745 2898 disparet,
768 2821 858 2898 atque
881 2813 1032 2876 canalium
1054 2813 1181 2893 vaginae
1202 2813 1432 2880 membrauosae
1455 2815 1566 2878 sensim
1590 2821 1772 2880 structuram
1794 2825 1825 2880 et
1847 2820 2035 2884 functionem
2052 2841 2159 2886 saum
2175 2837 2218 2880 re-

502 3019 506 3036 ·
604 2943 806 3025 dipiscuntur,
829 2940 929 3022 itaque
952 2937 1095 3000 cavitates
1118 2943 1148 2998 et
1169 2937 1292 3000 canales
1317 2938 1500 3002 medullares
1522 2939 1643 3019 glabras
1667 2961 1704 3002 ac
1724 2941 1835 3004 nitidas
1856 2945 2053 3023 superficies,
2078 2963 2152 3028 quas
2170 2960 2214 3004 sa-

603 3088 660 3129 nae
683 3066 837 3138 exhibent,
860 3081 965 3124 rursus
988 3059 1181 3132 exhibebunt;
1203 3061 1235 3121 in
1259 3062 1324 3122 hoc
1346 3081 1422 3124 vero
1446 3062 1612 3126 consistere
1634 3063 1752 3127 videtur
1774 3067 1999 3130 commutatio.»
2026 3104 2070 3118 -
2095 3065 2212 3132 Resolu-

603 3192 655 3267 tio,
678 3207 755 3272 qnae
777 3191 916 3248 versatur
943 3185 975 3245 in
1004 3184 1197 3264 resorptione
1224 3185 1367 3246 materiae
1389 3185 1568 3263 exsudatae,
1596 3186 1832 3252 luculentissime
1861 3191 2052 3272 conspicitur
2081 3195 2115 3256 in
2136 3189 2212 3254 resti-

605 3313 717 3376 tuendo
739 3311 813 3373 tubo
836 3308 1008 3382 medullari,
1039 3307 1153 3370 ossium
1182 3309 1321 3370 fracturis
1356 3319 1386 3370 ct
1417 3310 1595 3407 necrosibus
1618 3311 1796 3388 obliterato;
1824 3335 1898 3378 num
1925 3331 1999 3380 vero
2031 3339 2070 3382 ea
2100 3331 2214 3400 quoque

604 3437 751 3510 materies,
774 3453 851 3515 quae
875 3434 904 3494 in
928 3441 1052 3494 externa
1074 3431 1188 3494 ossium
1211 3432 1379 3511 superficie
1402 3434 1547 3494 exsudata
1570 3437 1623 3510 es't,
1645 3455 1751 3500 rursus
1774 3438 1934 3519 dispareat,
1957 3442 2098 3504 nondum
2122 3441 2162 3503 ad
2180 3437 2213 3499 li-

602 3563 726 3647 quidum
748 3559 925 3641 perductum
949 3565 1009 3630 ost;
1040 3555 1124 3638 quod
1148 3556 1227 3617 enim
1250 3564 1336 3634 sunt,
1358 3556 1411 3639 qui
1434 3575 1491 3620 usu
1515 3559 1655 3621 mercurii
1678 3567 1835 3626 exostoses
1857 3564 2044 3644 syphiliticas
2068 3565 2213 3628 resolutas

601 3709 669 3753 esse
692 3683 890 3757 contendant,
919 3681 1115 3743 dubitandum
1144 3687 1204 3758 ast,
1239 3701 1341 3743 annon
1364 3701 1417 3745 eae
1441 3701 1499 3764 pro
1522 3683 1759 3748 intumescentiis
1782 3687 1927 3768 periostei
1953 3688 2114 3752 habendae
2144 3687 2213 3755 sint:

601 3833 699 3896 neque
721 3811 781 3872 huc
803 3806 951 3870 referendi
974 3812 1044 3868 sunt
1066 3825 1155 3870 casus
1179 3805 1231 3882 ilii,
1254 3805 1286 3868 in
1310 3805 1419 3889 quibus
1442 3825 1514 3870 ossa
1535 3810 1631 3872 tracta
1652 3817 1684 3872 et
1711 3810 1825 3874 dudum
1854 3819 1960 3876 sanata
1981 3833 2089 3877 rursus
2120 3811 2211 3874 disce

602 3937 726 4006 debant3
747 3931 826 3992 ratio
849 3930 928 3992 enim
950 3929 1088 3992 habenda
1109 3930 1207 3992 morbi
1231 3930 1403 4010 singularis,
1426 3933 1515 4010 cujus
1537 3931 1635 4013 qualis
1657 3933 1689 3996 in
1711 3953 1782 3998 ossa
1804 3936 1850 4000 vis
1872 3937 1919 4013 sit
1940 3937 2021 3998 hand
2043 3934 2211 4002 accuratius

601 4063 794 4142 perspectum
817 4059 871 4116 est.
917 4054 1017 4114 Verae
1041 4043 1199 4114 enostoses
1222 4073 1277 4132 per
1299 4059 1393 4114 totam
1414 4054 1515 4130 vitam,
1538 4055 1666 4118 simulac
1687 4059 1835 4121 exstincta
1849 4059 2111 4138 esturtlammatio,
2134 4055 2210 4122 baud

602 4185 811 4254 immutantur,
840 4177 898 4240 nisi
923 4183 974 4238 aut
996 4175 1136 4238 remediis
1158 4176 1338 4240 mechanicis
1362 4185 1413 4240 aut
1434 4177 1516 4242 terro
1539 4179 1700 4258 candente,
1731 4201 1793 4264 quo
1821 4185 1993 4247 necroticae
2021 4186 2100 4248 liunt
2123 4191 2208 4264 atque

602 4315 816 4380 scoenrnntur,
839 4321 891 4364 eas
914 4302 1043 4364 auferas.
1088 4297 1229 4362 tuamen
1250 4299 1316 4361 tieri
1338 4307 1455 4380 potest,
1477 4309 1511 4364 ut
1533 4309 1564 4364 et
1586 4303 1670 4384 ipsae
1693 4305 1918 4386 resorbeantur,
1950 4308 2048 4372 donec
2070 4306 2205 4372 materies

601 4431 747 4496 exsudata
769 4427 800 4488 in
823 4445 942 4488 osseam
963 4426 1099 4486 nondum
1121 4445 1248 4506 prorsus
1271 4424 1391 4500 abierit;
1415 4446 1451 4488 ac
1473 4427 1632 4507 reputanti,
1656 4435 1800 4511 quantum
1823 4433 2008 4513 compressio
2032 4434 2145 4498 ossium
2168 4426 2204 4490 ad

601 4553 790 4620 efficiendam
814 4569 920 4612 eorum
945 4547 1164 4628 resorptionem
1185 4549 1293 4628 valeat,
1315 4549 1396 4613 haud
1417 4551 1556 4614 videatur
1578 4551 1642 4614 veri
1664 4551 1818 4632 dissimile,
1839 4563 1956 4620 veteres
1979 4557 2068 4621 etiam
2084 4561 2201 4620 exosto-

601 4701 649 4745 ses
671 4679 728 4739 hac
751 4674 868 4736 ratione
892 4671 985 4733 deleri
1008 4691 1110 4754 posse.

603 4831 922 4855 —nss-—ffl

761 4936 804 5010 (l)
823 4941 988 5002 tiowslrip
1006 4942 1026 4996 1.
1046 4955 1068 4992 c.
1087 4955 1113 5004 p.
1132 4939 1194 4996 124.
