4768 5894
619 784 690 860 post
712 777 777 840 dies
799 783 929 860 quatuor
953 775 992 838 ad
1012 793 1068 838 sex
1089 774 1183 837 rubra
1205 775 1353 856 quaedam
1374 784 1406 838 et
1426 775 1535 857 exigua
1563 780 1675 857 puncta
1702 773 1840 858 dispersa
1868 773 1900 836 in
1930 792 1968 836 oo
1991 772 2224 854 mnepiciontnn

621 921 699 984 qnae
720 909 863 984 tanquam
886 919 942 981 per
963 904 1146 978 tegmentum
1167 905 1266 975 unua,
1288 899 1547 980 semipellucidum
1569 899 1729 980 pellucent,
1752 897 1948 980 magisquein
1972 897 2037 962 (flea
2061 897 2223 978 conspicua

621 1027 700 1086 iacta
722 1043 792 1086 mox
815 1025 846 1085 in
869 1041 980 1104 parvas
1002 1020 1177 1084 eminentias
1200 1022 1326 1098 rubras,
1355 1021 1574 1100 eubrotundas,
1596 1022 1719 1099 molles,
1741 1021 1910 1103 superficiei
1931 1020 2096 1083 insidentes
2117 1019 2224 1084 abeam

622 1146 852 1228 manifestasque
874 1146 965 1226 igitur
985 1145 1210 1226 granulationes
1233 1147 1376 1208 referunt.
1422 1150 1524 1226 Quae,
1555 1145 1593 1206 ab
1623 1145 1709 1210 initio
1738 1145 1816 1207 inter
1836 1145 2064 1223 conjunctae,
2098 1142 2225 1224 muqoe

623 1277 826 1333 accrescentes
849 1269 969 1332 tandem
991 1269 1070 1330 inter
1090 1287 1124 1330 se
1153 1268 1341 1349 contingunt,
1379 1269 1451 1330 dum
1484 1269 1574 1331 simul
1603 1287 1703 1332 novae
1732 1267 1905 1348 prosiliunt·
1929 1307 1933 1314 ·
1955 1267 2001 1328 lta
2027 1273 2093 1328 tota
2119 1265 2225 1328 susim

623 1394 701 1457 ossis
735 1393 910 1474 superficies
945 1391 1097 1454 denudata
1130 1393 1301 1462 cumoculis
1334 1392 1415 1455 sanie
1447 1405 1565 1475 pusque
1600 1391 1824 1454 secemmnibus
1856 1390 2022 1470 ,obtegitnm
2055 1408 2117 1472 quo
2150 1391 2225 1450 iacto

624 1536 750 1599 prorsus
773 1535 840 1579 sese
863 1515 952 1578 babet
974 1523 1064 1597 atque
1086 1516 1197 1578 vulnus
1220 1515 1347 1596 simplex
1370 1533 1541 1596 suppuraos
1564 1516 1595 1578 in
1617 1515 1759 1596 partibus·
1775 1514 1926 1578 mollibus.
1972 1515 2055 1576 llaec
2074 1531 2150 1575 vero
2161 1511 2225 1574 earl-

624 1640 705 1702 neris
728 1639 862 1702 conditio
885 1639 980 1700 multo
1003 1657 1123 1718 semper
1144 1638 1242 1700 serius
1265 1639 1295 1700 in
1318 1639 1447 1715 ossibus
1470 1656 1559 1721 quam
1588 1639 1619 1700 in
1643 1637 1784 1702 mollibus
1807 1637 1941 1720 partibus
1971 1642 2105 1718 apparet,
2125 1641 2157 1698 et
2177 1635 2225 1696 le

624 1782 758 1844 amquam
782 1769 850 1824 ante
873 1762 952 1822 diem
969 1761 1124 1822 ndecimum
1148 1761 1187 1821 ad
1210 1761 1430 1842 quindecimum
1454 1763 1588 1844 perlecta
1611 1767 1666 1824 est.

786 1884 938 1946 Fabric.
962 1884 1153 1946 llildanus
1169 1885 1221 1961 (Ι)
1245 1885 1370 1965 primam
1394 1883 1544 1966 ejusmodi
1575 1884 1814 1950 metonomia
1835 1884 2075 1948 observationem
2094 1880 2226 1944 vulneris

627 2007 733 2088 capitis
754 2025 824 2069 cum
847 2005 1048 2069 denudatione
1069 2007 1163 2068 cranii
1187 2009 1357 2088 conjuncti,
1386 2009 1469 2091 quod
1491 2009 1557 2074 sine
1586 2009 1781 2071 exloliatione
1809 2008 2009 2071 consenuerit.
2060 2007 2137 2069 Post
2160 2023 2225 2068 eum

626 2131 728 2192 Petit
743 2128 795 2205 (2)
818 2137 849 2192 et
878 2131 1017 2192 Monro
1041 2129 1093 2206 (3)
1122 2132 1246 2211 propria
1269 2133 1454 2212 experientia
1475 2151 1539 2194 rem
1562 2131 1824 2196 confirmaverunt.
1881 2131 2065 2194 Belloste
2086 2127 2146 2214 (i)
2167 2145 2225 2190 me·

626 2254 710 2315 tborli
732 2272 848 2330 novae,
881 2253 1033 2334 quemad
1067 2254 1283 2334 prohibendam
1306 2255 1531 2318 exsoliationam
1553 2255 1727 2336 proposuit,
1761 2273 1912 2336 prospero
1934 2272 2076 2317 successu
2099 2258 2225 2327 ornatae,

628 2378 691 2439 duo
711 2382 815 2438 namat
836 2374 984 2456 exempla.
1030 2375 1127 2437 Etiam
1157 2379 1291 2438 Tenon
1319 2377 1427 2439 similia
1454 2377 1626 2440 observavit
1653 2378 1684 2439 iu
1713 2378 1817 2440 omnio
1847 2378 1977 2440 hominis
1998 2375 2155 2456 cujusdam
2177 2374 2225 2436 de·

629 2499 742 2562 nudato
766 2505 854 2580 atque
877 2499 908 2560 in
931 2497 1068 2580 pluribus
1091 2499 1311 2579 experimentis,
1334 2501 1465 2582 quaein
1488 2501 1612 2563 canibus
1646 2501 1685 2562 ad
1706 2501 1784 2563 banc
1809 2519 1876 2564 ‘rem
1898 2499 2125 2563 examinandam
2147 2496 2227 2560 ireti-

629 2624 693 2688 tuit
738 2621 961 2684 Weidmann
984 2620 1037 2699 (5)
1059 2640 1138 2698 ossa,
1161 2641 1217 2703 per
1237 2622 1358 2704 longius
1380 2630 1498 2704 tempus
1528 2623 1680 2686 ulceribus
1702 2623 1868 2702 denudata,
1902 2631 2008 2706 postea
2037 2623 2152 2705 absque
2177 2639 2226 2682 ex·

627 2745 786 2810 loliatione
812 2765 990 2827 praegrema
1017 2744 1276 2825 granulationibus
1305 2745 1436 2809 obducta
1458 2766 1539 2826 esse,
1573 2747 1686 2830 plurios
1715 2765 1740 2809 a·
1755 2767 1789 2811 se
1812 2748 2120 2811 observatumreiert.
2164 2744 2226 2807 lti-

628 2870 796 2932 cberand
818 2869 870 2946 (6)
893 2868 982 2931 tibiae
1004 2869 1171 2931 denudatae
1193 2871 1374 2933 mentionem
1398 2870 1481 2948 lacit,
1510 2891 1588 2954 quae
1618 2872 1731 2954 absque
1753 2869 1946 2935 extollatione
1975 2867 2226 2951 granulationibus

629 3013 668 3056 ex
690 2994 758 3074 ipso
782 3013 853 3056 osse
874 2991 1066 3054 nascentibus
1089 2999 1194 3054 sanata
1215 2993 1262 3054 sit.
1315 2995 1420 3056 'l'alem
1450 2996 1637 3058 sanationem
1668 2997 1699 3057 in
1722 2993 1897 3058 vulneribus
1920 2994 2124 3076 amputatione
2145 2991 2227 3054 laetis

629 3116 828 3178 observarunt
850 3117 1058 3192 Duverney
1082 3113 1148 3199 (7),
1183 3115 1300 3178 bouis
1324 3114 1397 3197 (e),
1432 3113 1581 3198 Veyret
1603 3117 1672 3200 (9),
1705 3137 1831 3201 eamque
1853 3119 2079 3181 vanlloorn
2102 3115 2177 3192 (lu)
2198 3115 2227 3175 in

629 3236 751 3316 egregio
773 3255 831 3298 suo
853 3236 892 3298 de
912 3236 1071 3298 mamone
1091 3237 1198 3298 iorum
1220 3239 1379 3301 vulnerum
1401 3247 1528 3303 tractatu
1550 3243 1719 3304 accuratius
1741 3241 1909 3322 descripsit.
1952 3242 1986 3303 ln
2000 3239 2126 3303 canibus
2147 3238 2227 3300 aliis·

631 3378 690 3439 que
713 3358 889 3422 anluralibus
911 3359 1117 3441 impanatione
1139 3359 1303 3424 vulneratis
1314 3381 1381 3424 eam
1392 3363 1592 3426 observarunt
1613 3367 1757 3441 Tenon,
1780 3363 2018 3450 Koeler(ll)‚
2040 3360 2228 3443 llulrntlfl).

791 3587 832 3658 (1)
851 3589 948 3644 Febr.
967 3589 1163 3652 illidantur,
1182 3591 1284 3644 olmera.
1304 3601 1331 3640 et
1348 3601 1429 3646 curat.
1448 3595 1516 3647 alain.
1534 3604 1636 3650 centur.
1655 3596 1700 3648 lv.
1719 3597 1845 3650 uenam
1865 3597 1944 3652 1⁶11.
1961 3596 2020 3653 oba.
2037 3595 2113 3652 vut.
2131 3611 2157 3662 p.
2166 3591 2227 3646 813-

793 3673 836 3746 (2)
855 3677 965 3740 Petit,
984 3677 1061 3726 truite
1079 3678 1123 3726 dea
1142 3679 1268 3727 malaaliea
1288 3679 1333 3728 des
1352 3698 1388 3742 os,
1408 3691 1468 3733 tom.
1490 3685 1520 3734 V.
1539 3701 1563 3748 p.
1582 3684 1646 3738 491.

791 3763 832 3832 (3)
852 3767 987 3829 illustro,
1006 3767 1120 3815 medical
1139 3782 1233 3830 essays.
1253 3769 1349 3822 litlinlr.
1370 3777 1432 3820 torn.
1451 3771 1482 3824 V.
1501 3789 1525 3835 p.
1544 3769 1608 3824 41⁵.

791 3849 833 3922 (4)
853 3856 1029 3918 llelluate,
1051 3855 1080 3906 le
1105 3855 1217 3917 ebirurg.
1242 3857 1275 3904 de
1294 3854 1423 3922 t'lmpual.
1442 3877 1468 3924 p.
1488 3857 1530 3914 te.
1556 3861 1640 3910 Parra
1665 3861 1767 3911 terebra
1789 3859 1957 3924 superficiem
1980 3861 2045 3910 osala
2070 3860 2227 3910 denudatam

632 3927 928 4042 pertonabapimtinutia,
952 3935 979 3974 et
996 3927 1058 3976 satia
1077 3928 1128 3975 ailri
1147 3928 1243 3976 ricinis
1262 3929 1427 3979 toraminulie
1446 3932 1479 3980 nal
1498 3931 1607 3996 diplobn
1626 3949 1725 3996 usque,
1751 3940 1780 3982 ut
1798 3933 1958 3984 carunculae
1976 3933 2142 3996 pronaacenti
2160 3933 2226 3981 riam

632 4009 707 4055 quasa
724 4009 773 4058 ape
797 4009 845 4045 re.

792 4075 835 4147 (5)
856 4079 1260 4146 Wetnmann,l.e.p.12.

793 4164 835 4235 (fl)
855 4169 1067 4230 Ricberann,
1086 4173 1257 4232 noaogropbie
1276 4171 1413 4235 chirurgio.
1434 4181 1452 4224 t.
1472 4175 1507 4224 ll.
1526 4192 1552 4242 p.
1571 4176 1617 4226 90.

791 4255 832 4321 (ἵ)
851 4257 1050 4322 Durerney,
1068 4257 1088 4307 1.
1106 4271 1130 4310 r.
1150 4265 1168 4310 t.
1188 4257 1224 4311 ll.
1244 4275 1269 4321 p.
1288 4257 1351 4313 aaa.
1604 4269 1607 4274 '

633 4415 691 4464 ‘Mt
718 4423 738 4464 t.
757 4339 835 4478 ¹¹0³?
855 4345 973 4464 ligavi&
991 4361 1038 4396 ⁸¹¹¹·
1054 4346 1083 4394 la
1100 4345 1189 4396 aalllie
1208 4347 1241 4395 ale
1259 4341 1310 4396 l'oa
1328 4345 1402 4411 aar&
1420 4345 1539 4415 l'anrpnt.
1558 4353 1604 4401 alea
1623 4353 1767 4414 membresa
1786 4354 1830 4403 lue
1849 4348 2178 4419 mamlel'aealmyale
2195 4355 2226 4404 de

793 4501 833 4566 (9)
852 4503 988 4566 Veyret,
1012 4505 1112 4559 obaerr.
1132 4521 1176 4554 aut
1194 4505 1219 4555 la
1238 4503 1330 4556 ra'aeet.
1349 4505 1381 4556 de
1400 4505 1449 4559 l’oe
1467 4509 1541 4574 aprda
1558 4505 1679 4574 l'amput.
1697 4511 1731 4560 de
1749 4509 1776 4562 la
1794 4513 1896 4574 auiase3
1921 4513 1966 4562 lna
1986 4511 2065 4566 mdm.
2085 4511 2119 4562 de
2135 4509 2227 4566 l'aead

634 4575 722 4639 royale
741 4574 774 4623 ale
791 4573 856 4621 ebir.
876 4580 895 4622 t.
914 4573 950 4626 11.
970 4589 996 4636 p.
1014 4573 1075 4624 265.

775 4656 833 4726 (10)
854 4676 915 4708 ran
933 4661 1066 4724 lloorn,
1085 4677 1154 4726 apee.
1173 4664 1308 4714 medicum
1326 4667 1359 4714 de
1377 4667 1419 4728 iia,
1439 4683 1506 4732 qraae
1524 4669 1553 4718 iu
1571 4668 1688 4734 partibus
1707 4671 1832 4734 membri,
1851 4672 2005 4736 praesertim
2023 4673 2119 4734 asaele,
2139 4687 2225 4736 ampu-

633 4733 732 4782 tatione
753 4731 903 4794 vulneralla,
923 4731 1037 4780 notanda
1055 4741 1125 4782 eunt.
1145 4733 1227 4795 Lugd.
1247 4735 1336 4792 llatae.
1356 4734 1437 4788 Ῑωῧ.
1454 4751 1480 4800 p.
1499 4735 1544 4788 86.

775 4814 1191 4887 (11)1toeter,1.e.p.98.

628 4981 703 5028 xxv
731 4987 757 5029 οι
772 4901 972 5028 (ἐξὲνῖἰυὴιι,
996 4915 1136 4961 comment.
1161 4909 1195 4957 de
1221 4912 1418 4973 regeneratione
1444 4914 1559 4978 partium
1581 4917 1704 4968 mollium
1727 4918 1757 4967 in
1775 4915 1895 4970 vulnere.
1914 4916 2048 4980 (ioelting.
2068 4916 2149 4972 1181.
2167 4931 2225 4981 exp.
