4768 5894
1379 567 1459 644 26⁰

775 775 972 842 Charmeil
1007 775 1117 840 seiam
1155 776 1445 860 experimentorum,
1487 775 1541 860 qui
1579 773 1701 862 quidem
1743 774 1907 858 evulgarit,
1942 791 2023 848 uuus
2061 771 2147 836 solus
2184 773 2229 836 de

615 903 673 966 bac
704 921 740 966 re
775 902 915 978 instimit;
947 919 1026 985 quae
1052 919 1118 966 non
1143 900 1257 980 miuus,
1289 919 1469 986 quamquam
1503 905 1608 964 auctor
1645 900 1705 964 alia
1740 919 1779 964 cx
1811 899 1849 964 iis
1882 903 2057 980 argmenta
2092 897 2228 979 eollqit,

615 1009 665 1092 res
699 1045 792 1108 supra
829 1025 934 1090 allatas
971 1024 1158 1090 confirmant.
1217 1025 1275 1090 llio
1296 1025 1328 1088 in
1358 1025 1507 1108 palumbis
1535 1023 1693 1106 diaphysin
1725 1021 1817 1086 ulum
1850 1022 1946 1086 altero
1979 1023 2040 1085 fine
2072 1041 2092 1084 e
2123 1027 2226 1084 usne

614 1170 705 1217 verso
737 1149 902 1231 personuit,
935 1148 1035 1232 itaque
1069 1153 1175 1231 aperto
1204 1148 1302 1212 canali
1331 1148 1489 1212 medullari
1522 1147 1684 1212 medullam
1720 1146 1880 1222 destruxit;
1916 1152 2024 1228 postea
2050 1149 2143 1209 totam
2170 1163 2229 1208 os·

615 1275 657 1340 ais
687 1273 847 1354 diapbysiu
877 1272 1025 1336 demendo
1050 1274 1204 1354 periostco
1234 1272 1403 1338 denudavit
1450 1274 1509 1348 Os,
1543 1272 1681 1354 utrinque
1710 1270 1755 1334 sic
1783 1270 1864 1334 vasis
1891 1269 1955 1334 suis
1988 1269 2154 1351 privatum,
2191 1277 2229 1331 ut

617 1404 682 1462 erat
716 1397 967 1478 exspectandum,
1003 1402 1100 1460 totum
1136 1397 1345 1461 emoriebatur.
1403 1396 1511 1460 Primis
1545 1395 1650 1458 diebus
1682 1394 1760 1458 tinas
1794 1394 1887 1472 ossis,
1927 1394 1979 1477 qui
2011 1393 2073 1456 vivi
2104 1412 2226 1456 manse

616 1528 694 1602 rant,
716 1539 799 1584 nova
819 1519 985 1584 substantia
1007 1540 1096 1584 ossea
1117 1521 1149 1583 in
1170 1521 1329 1604 superficie
1350 1527 1417 1584 crta
1439 1520 1604 1585 crassiores
1626 1519 1747 1597 fiebant,
1767 1525 1798 1582 et
1829 1516 1943 1581 canalis
1972 1516 2147 1580 medullaris
2168 1516 2226 1579 ob-

615 1644 787 1720 turabatur;
808 1652 910 1725 partes
932 1644 1048 1722 molles,
1071 1651 1219 1727 quatenus
1239 1644 1375 1710 necrosis
1396 1643 1525 1726 patebat,
1547 1643 1748 1707 inflammatae
1769 1640 1965 1706 tumeliebant
1990 1647 2022 1703 et
2035 1640 2226 1704 obduresce-

616 1769 697 1832 baut.
742 1768 891 1832 Paulatim
913 1788 951 1832 eo
972 1768 1075 1847 latere,
1097 1769 1180 1850 quod
1202 1769 1288 1832 radio
1311 1768 1473 1834 obversum
1495 1774 1567 1845 erat,
1591 1768 1705 1843 (altero
1728 1767 1823 1830 latere
1846 1771 1984 1846 apertum
2005 1771 2070 1828 erat
2088 1763 2226 1841 vulnus),

615 1913 696 1964 nova
718 1891 884 1956 substantia
906 1911 996 1956 ossea
1017 1911 1056 1956 ex
1078 1899 1207 1976 utroque
1229 1893 1290 1956 lius
1312 1893 1391 1958 ossis
1414 1892 1446 1956 iu
1469 1891 1676 1970 intervallum,
1706 1889 1788 1974 quod
1811 1890 1934 1956 interest
1955 1890 2034 1952 inter
2054 1887 2167 1950 radium
2188 1897 2224 1949 et

615 2015 728 2094 armam,
749 2015 950 2098 procedebam
970 2035 1133 2097 processus
1154 2017 1235 2080 ossei
1257 2018 1313 2081 bac
1334 2017 1452 2080 ratione
1474 2016 1533 2080 orti
1555 2015 1651 2096 magis
1673 2015 1827 2098 magisque
1850 2013 1956 2078 eadem
1977 2013 2142 2076 directione
2150 2031 2228 2094 prc-

617 2139 812 2217 ducebantur,
834 2139 984 2222 simulque
1005 2140 1203 2224 inaequaliter
1223 2140 1336 2204 ambitu
1358 2161 1479 2224 quoquc
1502 2139 1726 2215 accrescebant,
1755 2145 1786 2202 et
1807 2138 1921 2202 circum
1943 2137 2102 2219 diapbysin
2124 2156 2226 2199 emor-

617 2271 698 2326 tuam
720 2264 860 2346 utrinque
882 2264 1039 2344 paululum
1062 2264 1385 2337 circumflectebautur3
1408 2263 1507 2328 donec
1527 2263 1657 2340 tandem,
1678 2262 1790 2344 elapsis
1820 2261 1926 2326 diebus
1948 2261 2125 2342 nonaginta,
2146 2260 2226 2324 iuter

616 2407 651 2450 se
674 2387 795 2450 manati
817 2407 853 2450 os
875 2393 1091 2468 regeneratum,
1113 2387 1185 2450 satis
1208 2407 1351 2466 crassum,
1373 2388 1488 2450 formae
1517 2387 1690 2467 irregularis
1717 2369 1897 2450 referebant.
1951 2385 2076 2450 Novum
2097 2386 2157 2448 hoc
2178 2403 2226 2476 os,

617 2510 700 2593 quod
722 2510 941 2574 crassissimum
962 2516 1027 2572 crat
1048 2529 1086 2573 ea
1104 2515 1198 2591 parte,
1221 2530 1282 2592 qua
1303 2529 1400 2573 novae
1423 2511 1618 2574 formationes
1640 2530 1748 2574 osseae
1769 2510 1910 2593 euinque
1932 2509 2083 2587 coierant,
2104 2507 2225 2572 sulcum

618 2632 776 2697 exbibebat
796 2633 1053 2716 lougimdinalem
1074 2634 1106 2696 iu
1128 2653 1190 2716 quo
1213 2633 1365 2714 diapbysis
1388 2641 1525 2698 emortum
1546 2633 1766 2710 continebatur3
1789 2633 1964 2716 superficies
1995 2632 2074 2696 sulci
2102 2633 2226 2696 materie

619 2777 658 2822 ex
681 2757 998 2834 flavescente-albida,
1020 2756 1218 2834 albuminosa,
1240 2757 1341 2840 specie
1362 2778 1450 2822 cerae
1472 2759 1563 2824 simili
1585 2757 1679 2844 (pure
1701 2756 1819 2854 avium)
1843 2757 1974 2822 obducta
1997 2756 2172 2839 apparebat.

778 2885 879 2964 Quum
901 2859 998 2962 igitur'
1013 2901 1126 2946 novum
1148 2902 1194 2959 os,
1215 2902 1276 2966 quc
1298 2882 1420 2964 longius
1442 2903 1462 2944 a
1482 2884 1554 2946 vivo
1575 2884 1685 2946 veteris
1709 2883 1787 2948 ossis
1808 2883 1869 2944 liue
1897 2881 2039 2958 dumbat,
2071 2901 2112 2943 eo
2142 2900 2217 2944 crae

616 3007 680 3070 sius
702 3012 798 3083 esset,
831 3025 983 3088 quumque
1005 3005 1100 3082 idem,
1123 3005 1194 3068 dum
1216 3007 1428 3086 effingebatur,
1450 3007 1594 3071 continuo
1617 3007 1781 3069 arctissime
1815 3025 1883 3068 cum
1915 3004 2051 3086 partibus
2070 2989 2213 3068 ‘mouile

616 3129 806 3192 inflammatis
828 3136 858 3190 et
878 3129 1025 3192 induratis
1048 3130 1222 3192 cohaereret
1244 3137 1274 3191 et
1295 3131 1327 3192 in
1347 3149 1441 3194 unum
1464 3132 1549 3212 quasi
1573 3151 1639 3194 cum
1662 3131 1700 3193 iis
1722 3135 1938 3207 concresceret,
1960 3129 2007 3193 sic
2027 3128 2212 3192 ratiocinatus

616 3259 661 3314 est
684 3252 902 3328 Charmeil,
924 3253 1059 3333 pertibus
1081 3253 1224 3316 mollibus
1244 3253 1276 3314 in
1299 3272 1419 3318 osseam
1440 3255 1636 3318 substantiam
1658 3253 1778 3316 mutatis
1800 3272 1913 3316 novum
1936 3271 1972 3316 os
1994 3252 2217 3316 effeetumesse

616 3375 733 3437 Verum
754 3374 831 3436 baec
853 3376 1042 3439 ratiocinatio
1064 3396 1127 3438 uon
1149 3377 1223 3440 satis
1244 3376 1361 3440 idoneis
1395 3378 1577 3458 argumentis
1604 3377 1740 3452 fulcitur;
1769 3377 1898 3459 primum
1918 3349 2016 3455 enim,
2049 3397 2145 3460 quum
2165 3395 2221 3439 uu·

616 3519 688 3560 rum
711 3517 747 3560 os
770 3495 841 3560 inde
863 3497 900 3558 ab
923 3505 1053 3581 utroque
1075 3500 1134 3562 frua
1157 3499 1237 3562 ossis
1259 3499 1423 3582 aequaliter
1444 3501 1602 3581 procedat,
1635 3501 1714 3566 idem
1745 3501 1853 3564 exinde
1876 3501 1964 3563 etiam
1985 3501 2155 3581 profectum
2176 3507 2221 3562 at-

617 3642 676 3706 que
700 3621 860 3686 formabam
884 3641 951 3686 esse
974 3622 1089 3698 eluceta
1118 3609 1160 3686 ¹ac
1181 3622 1250 3688 dein
1273 3623 1361 3686 etiam
1391 3624 1422 3686 in
1444 3625 1624 3689 formatione
1650 3625 1723 3688 calli
1750 3645 1832 3688 nova
1854 3623 2020 3688 substantia
2041 3644 2131 3688 ossea
2152 3643 2222 3706 per·

616 3755 708 3828 petuo
734 3767 801 3808 cum
824 3745 960 3828 partibus
983 3745 1124 3810 mollibus
1147 3748 1349 3824 connascitur,
1370 3769 1468 3836 nequo
1491 3755 1590 3812 tamen
1617 3751 1673 3812 bae
1703 3756 1804 3830 partes
1833 3749 1970 3810 inillam
1992 3755 2222 3812 commutantur.

616 3871 724 3954 Neque
747 3871 887 3952 estquod
909 3871 981 3934 novi
993 3872 1071 3934 ossis
1083 3881 1201 3935 auctam
1221 3873 1393 3950 crassitiem,
1418 3893 1495 3956 quae
1507 3873 1652 3936 dissidere
1664 3872 1888 3956 quodammodo
1902 3891 1972 3935 cum
1982 3871 2095 3934 ambitu
2117 3873 2222 3935 finium

616 3994 694 4056 ossis
716 3993 812 4056 videri
834 3993 938 4075 possit,
961 3994 1155 4069 admiremur;
1178 4003 1303 4079 uterque
1327 3997 1404 4060 enim
1426 4016 1588 4078 processus
1611 4018 1718 4062 osseus
1740 3997 1868 4060 maxime
1891 3996 1927 4058 in
1957 3995 2070 4078 apice
2092 3995 2222 4060 exsuda-

619 4117 699 4180 tioue
721 4118 874 4196 accrescit,
897 4138 987 4201 quarn
1009 4127 1133 4200 propter
1156 4139 1192 4182 os
1213 4121 1399 4184 asmodeum
1421 4121 1639 4184 conterminum
1668 4139 1755 4202 prae·
1770 4121 1877 4184 ceteris
1905 4131 2026 4201 semper
2052 4119 2219 4182 inflamma-

618 4246 680 4301 tum
703 4259 778 4316 esse,
801 4241 930 4325 indeque
954 4243 1066 4332 foutcrn
1088 4243 1174 4326 quasi
1198 4243 1403 4308 exsudationis
1425 4246 1519 4326 magis
1547 4246 1701 4328 magisque
1731 4242 1908 4326 ampliorem
1932 4243 2005 4306 fieri.
2019 4261 2143 4308 necesse
2165 4253 2221 4308 eat.

599 4367 704 4456 ‘Quae
725 4381 776 4424 res
797 4382 887 4428 secus
908 4385 942 4428 se
964 4367 1053 4430 babet
1073 4374 1137 4432 tum
1158 4367 1190 4430 in
1213 4368 1332 4432 essibus
1355 4371 1485 4447 resectis,
1508 4377 1614 4452 utpote
1636 4370 1667 4432 iu
1690 4367 1798 4450 quibus
1809 4366 2024 4430 irritamentum
2045 4367 2124 4430 illud
2145 4389 2221 4432 cou-

616 4488 731 4550 tiuuum
755 4485 846 4560 deest,
869 4495 931 4549 tum
953 4489 985 4552 in
1007 4493 1212 4556 mammalibus
1236 4499 1265 4556 et
1286 4493 1317 4556 in
1340 4493 1469 4571 bomine,
1492 4496 1522 4556 in
1545 4492 1652 4575 quibus
1682 4491 1721 4555 ob
1754 4491 1972 4573 discrepantem
1993 4473 2219 4572 suppurationis

616 4612 763 4673 rationem
785 4609 880 4672 multo
904 4610 1002 4675 miuus
1025 4616 1149 4696 copiosa
1171 4625 1217 4680 est
1238 4617 1310 4680 novi
1333 4617 1411 4681 ossis
1434 4617 1583 4693 formatio,
1605 4636 1642 4677 ac
1664 4622 1726 4678 tum
1749 4616 1869 4680 demum
1898 4615 2032 4696 vegetius
2053 4617 2220 4697 procedere

617 4733 728 4818 incipit,
750 4753 842 4818 quum
865 4743 1020 4820 sequester
1040 4747 1196 4818 separatus
1219 4748 1273 4804 est.

775 4860 986 4938 Charmeil,
1020 4881 1113 4945 quum
1141 4881 1249 4944 parum
1278 4871 1447 4928 accuratam
1475 4873 1630 4946 oppugnat
1657 4865 1833 4932 sententiam
1855 4883 1977 4944 cerum,
2005 4865 2057 4946 qui
2079 4885 2152 4929 ossa
2175 4883 2213 4929 ex
