4856 5896
1378 470 1431 547 db

596 686 630 750 ln
652 682 898 765 epiplnttide
920 699 1005 758 vero,
1029 679 1080 747 eui
1101 699 1213 760 magna
1233 680 1278 744 vis
1301 685 1491 760 punctorum,
1513 697 1593 762 quae
1613 687 1734 760 vorant,
1754 681 1966 749 ossilicationia
1995 693 2136 770 tanquam
2157 687 2203 749 in·

596 816 677 872 sorta
699 814 773 881 emt,
795 823 893 890 neque
916 809 1083 866 structurae
1106 823 1222 879 osseae,
1244 822 1343 886 neque
1366 802 1579 866 ossilinationis
1601 803 1771 884 incipientis
1793 805 1900 888 singna
1922 809 2029 890 reperi.

755 928 921 1010 Quinquies
943 927 975 992 in
998 926 1097 990 dura
1120 934 1238 990 matre
1261 926 1412 994 oseneia
1433 924 1526 992 telam
1546 946 1619 991 vere
1642 945 1761 992 osseam
1783 928 1981 1012 deprebendi;
2004 943 2127 996 externa
2140 935 2207 1013 jam

597 1053 730 1134 species,
761 1051 861 1128 color,
892 1050 1017 1116 durities
1043 1069 1149 1113 osseae
1179 1050 1330 1115 simillima
1358 1057 1437 1124 erat;
1470 1048 1573 1130 plures
1602 1050 1682 1112 intras
1705 1049 1883 1130 oeliulosna,
1912 1060 2000 1136 atque
2027 1055 2208 1150 cellularum

600 1175 762 1258 parietibus
786 1173 945 1250 medullae,
967 1180 1003 1235 ut
1022 1173 1188 1250 videbatur,
1211 1172 1331 1236 residua
1353 1173 1545 1236 adhaerentia
1566 1173 1675 1254 reperi.
1709 1175 1744 1238 ln
1764 1179 1827 1238 rino
1850 1195 1922 1238 casu
1945 1197 2039 1258 supra
2056 1181 2121 1258 jam
2144 1198 2207 1240 me-

598 1306 730 1373 morato,
761 1299 791 1360 in
821 1317 882 1381 qno
910 1296 1144 1372 lociossilicati
1172 1297 1341 1372 numerosi,
1368 1303 1511 1379 tanquam
1532 1302 1647 1377 mattae,
1675 1297 1707 1360 in
1737 1296 1845 1360 duram
1871 1318 2051 1382 menpngem
2078 1302 2207 1382 inspersi

599 1429 692 1497 erant,
714 1431 743 1484 et
764 1421 853 1484 nudia
871 1423 937 1500 jam
959 1419 1057 1482 oculis
1078 1426 1259 1482 structuram
1281 1418 1487 1499 crystallinam
1510 1418 1719 1496 ostendebant,
1750 1419 1867 1484 nullum
1888 1429 2024 1486 texturae
2046 1424 2207 1506 organicae

599 1546 699 1612 iuveni
709 1545 876 1624 vestigium.
910 1543 1106 1606 Tendines
1129 1542 1335 1604 musculorum
1359 1542 1539 1620 ossificatae,
1561 1563 1639 1626 quae
1661 1544 1723 1606 sere
1745 1563 1865 1625 semper
1886 1546 1918 1608 in
1941 1547 2046 1610 avibus
2063 1547 2206 1627 grandio-

598 1669 696 1744 ribus,
723 1668 852 1732 maxime
878 1668 911 1728 iu
938 1666 1112 1747 gallinaceis
1143 1665 1347 1747 reperiuntur,
1376 1685 1434 1728 neo
1461 1684 1531 1728 raro
1555 1666 1644 1728 etiam
1665 1667 1698 1728 in
1719 1666 1839 1731 bomine
1863 1687 1881 1730 a
1902 1669 2047 1750 burrey
2070 1669 2127 1756 (l)
2150 1672 2205 1736 ob·

600 1797 736 1854 servatae
757 1797 838 1866 sum,
859 1789 961 1855 itidem
983 1789 1061 1851 telae
1083 1809 1154 1853 vere
1177 1808 1285 1854 osseae
1305 1795 1394 1852 notas
1422 1788 1629 1852 ostendebant
1673 1790 1818 1872 Inquisivi
1846 1810 1899 1853 eas
1927 1792 1960 1856 in
1988 1813 2122 1873 pavone,
2152 1815 2204 1858 cn·

596 1917 649 1994 jus
678 1915 740 1977 iere
769 1931 874 1978 omnes
904 1912 1109 1982 musculorum
1138 1912 1275 1974 tendines
1302 1932 1398 1995 usque
1427 1913 1460 1978 in
1481 1913 1579 1996 ipsam
1600 1912 1796 1976 substantiam
1818 1914 2018 1978 muscularem
2040 1916 2072 1978 in
2094 1937 2129 1980 os
2152 1917 2206 1982 ab-

599 2037 696 2101 ierant
723 2045 752 2098 ct
780 2045 920 2118 antiquam
950 2045 1051 2116 partes
1072 2035 1177 2100 sceleti
1205 2035 1394 2114 effingebant
1439 2035 1576 2098 Partibus
1608 2036 1713 2101 terreis
1736 2036 1824 2098 acido
1855 2057 1931 2100 mur.
1954 2039 2088 2120 expulsis
2111 2042 2204 2104 nota-

599 2180 658 2242 que
679 2160 812 2222 motione
834 2157 1059 2241 longitudinali,
1088 2159 1144 2220 sub
1167 2157 1369 2239 microseopio
1392 2159 1487 2222 fibrae
1515 2158 1643 2222 teudinis
1665 2158 1911 2239 longitudinales,
1942 2168 2031 2243 atque
2053 2163 2130 2229 inter
2152 2183 2204 2226 eas

599 2282 780 2363 eorpusula
802 2281 916 2343 ossium
938 2281 1063 2360 propria
1086 2279 1363 2360 conspiciebantur;
1393 2281 1528 2344 sectione
1556 2289 1740 2359 transversa,
1767 2301 1830 2344 non
1852 2282 1941 2344 aliter
1962 2293 2050 2368 atque
2073 2287 2105 2348 in
2127 2289 2203 2352 ossi-

598 2407 654 2468 bus
676 2404 832 2479 tubulosis,
856 2403 1040 2476 canaliculos
1062 2403 1295 2483 longitudinales
1318 2410 1473 2484 perseotos
1496 2393 1746 2468 transversalibns
1769 2405 1847 2466 inter
1868 2427 1902 2469 se
1921 2409 2017 2488 jungi,
2040 2429 2201 2494 areamque

598 2529 743 2592 bannens
766 2527 874 2590 tinibus
898 2527 1151 2608 circumscriptam
1178 2527 1215 2588 iis
1245 2526 1423 2594 circumdari
1450 2527 1526 2602 vidi;
1555 2527 1588 2590 in
1616 2527 1694 2592 areis
1723 2529 1905 2610 corpuscula
1935 2538 2024 2614 atque
2052 2533 2202 2598 interdum

597 2650 696 2714 lineae
724 2651 930 2714 concentrieae
959 2650 1031 2714 satis
1060 2651 1242 2730 conspicuae
1269 2634 1468 2732 apparebant
1509 2650 1544 2714 ln
1567 2651 1818 2714 ossilicationibus
1846 2652 1924 2715 telae
1947 2656 2103 2720 tendincae
2126 2659 2201 2724 illud

598 2794 719 2857 quoque
747 2794 783 2838 os
813 2774 932 2836 videtur
953 2773 1171 2836 numerandum
1194 2791 1274 2852 esse,
1303 2774 1386 2857 quod
1412 2773 1554 2838 militibus
1584 2775 1665 2836 baud
1692 2795 1763 2838 raro
1785 2776 1817 2837 in
1847 2797 1918 2842 msc.
1943 2778 2110 2860 deltoideo,
2139 2783 2200 2846 telo

597 2899 703 2960 lortius
726 2897 892 2973 allidendo,
916 2897 1063 2970 exoritur;
1085 2896 1166 2958 unde
1188 2916 1299 2960 nomen
1321 2897 1379 2979 ipsi
1401 2898 1539 2960 inditum:
1571 2899 1857 2962 »Exercirknochen
1871 2925 1902 2992 »ᾗ
1930 2903 2020 2985 -quod
2049 2915 2078 2966 et
2100 2907 2198 2986 ipsum

596 3029 764 3084 structurae
787 3040 913 3100 prorsus
937 3037 1043 3082 osseae
1066 3038 1133 3081 esse
1156 3019 1228 3083 vidi.

758 3142 899 3204 Onmium
921 3141 1095 3222 saepissime
1118 3150 1282 3206 oocurnmt
1303 3143 1521 3207 ossilioationes
1543 3146 1784 3222 arteriarum
1807 3167 1884 3231 qnae
1906 3149 2009 3212 locum
2031 3160 2131 3216 teuent
2152 3155 2197 3220 in·

596 3275 642 3328 ter
663 3265 794 3328 timinam
815 3265 948 3326 intimam
970 3272 1000 3327 et
1022 3266 1184 3346 propriam,
1212 3264 1397 3350 laminasque
1427 3269 1572 3348 effiugrmt
1599 3271 1731 3350 majores
1753 3270 1803 3332 vel
1824 3272 1970 3352 minores,
2000 3296 2127 3357 quarum
2149 3299 2205 3344 su-.

596 3387 734 3470 perficies
756 3387 869 3468 glabra,
892 3408 967 3450 cavo
991 3389 1119 3452 arteriae
1143 3389 1278 3466 obversa,
1302 3390 1397 3467 color,
1421 3389 1552 3456 densitas
1575 3393 1704 3475 denique
1727 3399 1757 3456 et
1778 3395 1903 3458 firmitas
1926 3418 2017 3480 quarn
2038 3403 2198 3468 maximam

594 3513 743 3575 interdum
764 3512 829 3574 veri
851 3511 928 3573 ossis
951 3511 1175 3574 similitudinem
1202 3513 1349 3588 reterrmt3
1377 3516 1489 3578 tractae
1518 3535 1592 3578 vero
1621 3536 1741 3597 semper
1770 3518 1876 3582 faeiem
1903 3521 1974 3584 mibi
2002 3526 2199 3590 ostendebant

595 3635 753 3700 toliaceam
775 3635 826 3697 vel
848 3654 1049 3717 squamosam,
1072 3636 1147 3716 tergi
1171 3609 1338 3700 ostrearum
1362 3639 1424 3701 iere
1446 3639 1478 3700 in
1499 3640 1636 3714 modum;
1659 3660 1716 3702 nec
1738 3661 1877 3724 unquam,
1901 3651 2050 3726 quotquot
2072 3651 2197 3730 opemi-

593 3760 744 3841 crosoopii
773 3759 922 3842 inquisivi,
946 3759 1131 3840 corpuscula
1153 3768 1206 3822 aut
1227 3761 1411 3826 canaliculos
1434 3763 1657 3843 deprehendere
1679 3764 1778 3844 potui;
1802 3765 1967 3828 substantia
1987 3770 2096 3848 mollis,
2119 3793 2196 3854 qnae

592 3884 714 3944 admoto
738 3883 824 3942 acido
847 3904 922 3944 mur.
947 3883 1178 3963 relinquebatur,
1202 3893 1314 3947 certam
1336 3894 1484 3948 texturam
1506 3906 1658 3969 nunquam
1686 3888 1853 3954 exhibebat.
1899 3891 2010 3954 Eadem
2033 3901 2096 3955 erat
2118 3895 2194 3960 ratio

592 4003 794 4066 conorcrnenti
817 4002 848 4062 in
871 4003 1124 4081 pulmonibus
1147 4007 1275 4068 bominis
1299 4008 1407 4086 phthisi
1430 4008 1540 4070 mortui
1563 4010 1683 4071 inventi.

751 4125 859 4188 Paucis
884 4125 973 4204 igitur
995 4125 1040 4186 bis
1064 4125 1319 4207 disquisitionibus
1341 4130 1447 4212 liquot,
1469 4151 1542 4192 vera
1564 4151 1650 4210 ossa,
1673 4140 1823 4196 structura
1845 4156 1901 4198 sua
1924 4137 1962 4200 ab
1986 4141 2104 4204 ossibus
2127 4143 2193 4206 vnl-

591 4247 710 4327 gnribus
733 4248 813 4308 baud
836 4249 1050 4328 discrepantia,
1073 4249 1104 4310 in
1127 4249 1262 4329 partibus
1285 4252 1426 4315 mollibus
1450 4254 1577 4316 existere
1599 4255 1733 4335 quidem,
1762 4277 1859 4340 neque
1881 4279 1955 4324 vero
1979 4281 2098 4342 omnes,
2120 4287 2195 4348 quas

591 4371 701 4444 dictent,
724 4369 941 4432 ossisroa'ioues
965 4373 1022 4432 huc
1044 4373 1203 4453 pertinere,
1225 4376 1280 4436 sed
1302 4375 1410 4439 nrultas
1432 4397 1490 4457 pro
1514 4379 1589 4440 solis
1612 4379 1855 4442 concretionibus
1877 4382 2029 4450 habendas
2052 4407 2129 4454 esse.

752 4527 793 4592 (Ι)
814 4529 956 4592 Larrey,
975 4532 1017 4579 in:
1037 4531 1147 4582 Joarmaal
1158 4533 1344 4598 complemur:
1363 4538 1425 4589 dict.
1445 4540 1490 4588 dea
1509 4540 1626 4588 acia-neas
1642 4538 1711 4588 med.
1725 4540 1755 4591 Τ.
1765 4539 1828 4590 v111
1847 4557 1872 4604 p.
1892 4543 1954 4598 loe.
1990 4549 2054 4604 ,On
2071 4565 2194 4604 conum

588 4619 602 4664 ‘a
623 4617 705 4679 llreat,
723 4632 757 4664 au
770 4617 877 4665 Cairinet
896 4617 928 4666 de
947 4614 1040 4666 l'ecoia
1057 4619 1231 4685 eleebirurgie
1245 4625 1315 4674 dela
1333 4629 1442 4689 naariae,
1453 4629 1488 4676 -le
1506 4629 1637 4690 aquelette
1656 4623 1720 4676 n'un
1741 4628 1831 4692 turpat,
1850 4645 1896 4680 amr
1904 4633 1996 4696 lequel
2014 4653 2049 4688 on
2068 4641 2123 4690 volt
2140 4657 2193 4690 aux

587 4704 737 4754 extre'mitea
757 4705 802 4752 ales
821 4721 850 4754 oa
870 4706 915 4756 alea
927 4707 1055 4756 maanbrea
1075 4717 1099 4756 et
1119 4725 1153 4758 au
1171 4711 1257 4775 pubis,
1275 4723 1366 4764 autaut
1385 4712 1502 4778 d'epinea
1520 4731 1639 4768 osseum
1650 4714 1682 4762 de
1700 4715 1782 4766 forme
1801 4725 1828 4766 εἰ
1846 4719 1879 4767 tle
1898 4736 2018 4783 areaaeur
2035 4727 2192 4792 diffa'rentea,

588 4789 657 4857 qu'il
675 4809 703 4842 aa
721 4793 799 4842 leaoit
817 4795 983 4846 d'inaertiuna
1002 4797 1180 4850 tenelinenaea.
1217 4801 1256 4850 La
1282 4803 1342 4852 base
1366 4803 1413 4852 des
1436 4803 1527 4867 &pinea
1552 4807 1617 4856 e'toit
1640 4814 1767 4863 mutiana
1791 4811 1873 4864 'al'oa
1892 4823 1919 4865 et
1935 4813 1964 4864 la
1980 4817 2071 4878 palate
2088 4832 2117 4868 ae
2134 4833 2192 4882 per·

586 4883 643 4932 doit
661 4883 725 4930 dana
744 4881 901 4944 l'epaisaenr
918 4884 964 4932 dea
984 4885 1118 4938 leudona·

1180 5001 1604 5046 Q
