4856 5896
1344 449 1393 528 10

566 673 655 749 vonit,
679 685 839 752 exponam.
885 669 1019 732 Primum
1042 666 1131 748 igitur
1153 665 1232 727 ossis
1256 664 1435 726 elementum
1458 671 1503 724 est
1526 627 1678 743 cartilago,
1700 665 1873 748 etquidem
1895 683 1957 728 aon
1979 664 2080 728 solum
2098 683 2166 728 cor-

565 797 651 876 poris
672 793 759 869 ossis,
783 792 837 856 sod
862 793 951 854 etiam
973 790 1170 872 epiplrysees,
1199 807 1277 871 quae
1300 806 1318 848 a
1340 788 1437 870 prima
1460 793 1555 848 aetate
1577 771 1761 868 peculiarem
1783 789 1861 852 ossis
1883 797 1999 870 partem
2021 789 2121 869 lingit,
2149 807 2167 848 a

568 917 684 1000 reliqua
706 935 781 978 vem
804 917 872 996 ejras
894 923 981 997 parte
1002 931 1100 996 neque
1123 910 1230 974 loliolo
1255 883 1357 994 aliquo
1379 909 1521 993 periostei
1544 909 1745 972 intercedente
1766 929 1824 973 nec
1845 913 1906 974 alio
1928 912 1992 975 ullo
2012 910 2106 974 limite
2122 902 2169 972 dil

566 1041 734 1120 stinguitur.
775 1039 943 1118 'Cartilagq
966 1036 1145 1100 elementum
1168 1035 1255 1112 ossis,
1279 1036 1316 1098 ab
1339 1036 1424 1096 initio
1447 1053 1554 1115 parum
1577 1033 1675 1096 differt
1696 1053 1715 1094 a
1736 1033 1875 1114 gelatina,
1897 1035 2167 1098 esteuimomuina

566 1164 681 1240 flexilis,
704 1163 841 1244 simplex,
865 1163 903 1223 ad
926 1181 1023 1244 aquae
1045 1159 1268 1224 similitudinem
1291 1159 1461 1240 pellucens3
1490 1176 1588 1241 neque
1611 1156 1687 1219 libra
1707 1158 1779 1235 ulla,
1801 1177 1901 1240 neque
1922 1158 2048 1234 latrina,
2070 1175 2167 1239 aeque

565 1307 619 1349 vas
641 1289 672 1348 in
697 1305 734 1348 ea
756 1283 897 1365 distingui
920 1292 1028 1367 potest
1074 1286 1131 1346 Die
1156 1283 1276 1345 demum
1299 1291 1408 1344 octavo
1432 1281 1586 1363 aliquanto
1609 1282 1725 1343 tirmior
1752 1282 1787 1344 fit
1809 1288 1839 1343 et
1861 1279 1998 1358 clastioa,
2027 1289 2062 1343 ut
2090 1282 2168 1342 flexa

548 1411 693 1484 -rosiliat;
720 1418 752 1472 et
779 1408 835 1472 sub
865 1410 925 1470 line
955 1408 1090 1488 ejusdem
1114 1408 1172 1469 diei
1194 1407 1324 1488 primum
1346 1408 1378 1467 iu
1401 1405 1498 1468 media
1521 1403 1596 1467 tibia
1615 1411 1741 1487 apparet
1763 1404 1972 1468 ossilicationls
2002 1404 2167 1484 vestigium,

564 1535 667 1617 puncti
690 1533 783 1596 instem
806 1533 904 1613 opaci,
926 1533 1003 1610 duri,
1026 1533 1082 1594 sub
1104 1532 1185 1593 lente
1207 1530 1338 1611 speciem
1362 1547 1502 1610 rugosam
1525 1528 1726 1602 ostendentis;
1749 1528 1838 1591 simul
1860 1528 1959 1590 lineae
1982 1535 2081 1590 rectae
2094 1525 2168 1589 con'-

565 1659 741 1739 spiciuntur,
765 1675 842 1739 quae
866 1657 977 1718 sensim
1000 1675 1057 1737 per
1078 1656 1282 1735 cartilaginem
1305 1655 1471 1736 productae
1493 1655 1524 1714 in
1547 1653 1638 1714 libras
1661 1652 1809 1732 oblongas
1832 1651 1951 1728 abeunt,
1974 1660 2062 1734 atque
2074 1651 2168 1712 utrin-

565 1802 624 1863 que
645 1799 707 1862 per
723 1787 817 1842 totam
839 1799 925 1842 suam
947 1779 1163 1860 longitudinem
1186 1779 1272 1841 sulco
1295 1779 1499 1840 terminantur.
1551 1763 1626 1840 Post
1647 1776 1737 1838 horas
1763 1777 1828 1855 jam
1856 1774 1938 1851 240,
1961 1793 1998 1836 ex
2021 1795 2082 1857 quo
2106 1774 2169 1854 pri-

565 1923 632 1966 mae
655 1903 748 1965 librae
770 1909 952 1984 conspectae
973 1911 1050 1981 sunt,
1073 1904 1136 1966 dae
1157 1903 1281 1966 trientes
1303 1902 1485 1982 cartilaginis
1508 1899 1616 1964 sulani
1638 1906 1792 1981 apparent
1838 1899 1877 1962 lli
1899 1899 1976 1961 sulci
1999 1899 2079 1960 ossei
2108 1907 2169 1959 tam

566 2027 643 2089 inter
665 2047 699 2089 sa
721 2046 811 2110 quam
834 2029 873 2089 ad
896 2029 973 2090 ossis
997 2027 1212 2108 longitudinem
1235 2027 1373 2106 paralleli
1396 2033 1481 2102 samt,
1511 2031 1542 2084 et
1571 2024 1597 2084 si
1622 2023 1746 2084 ouurluo
1769 2040 1803 2083 se
1825 2027 1942 2097 secant,
1971 2022 2010 2082 ad
2042 2021 2168 2102 angrdas

566 2151 623 2214 lroc
645 2151 679 2211 lit
700 2159 872 2230 peracutas.
917 2151 1026 2210 Lirreae
1048 2150 1119 2208 illae
1141 2149 1204 2210 sive
1228 2149 1321 2208 librae
1343 2165 1449 2208 osseae
1472 2163 1625 2228 nunquam
1647 2145 1678 2204 in
1701 2145 1859 2224 epiphysin
1882 2143 2090 2220 extenduntur,
2113 2143 2168 2206 sed

567 2274 614 2333 die
637 2271 754 2332 decimo
777 2277 886 2353 quarto
914 2289 1026 2350 corpus
1056 2271 1133 2332 ossis
1162 2271 1300 2350 utrinque
1330 2270 1506 2330 terminatur
1534 2268 1694 2348 superficie
1716 2286 1867 2344 convexa,
1897 2269 2062 2352 inaequali,
2091 2287 2169 2350 quae

568 2415 635 2456 cum
658 2393 817 2475 superficie
840 2393 1021 2474 epiplryseos
1043 2393 1146 2454 itidem
1168 2393 1327 2474 inaequali,
1350 2391 1403 2454 sed
1427 2411 1561 2453 concava
1585 2390 1738 2470 contingit

727 2517 786 2579 Die
808 2516 925 2578 decimo
948 2517 978 2577 in
1001 2517 1099 2577 medla
1129 2517 1277 2597 opacitate
1300 2516 1419 2578 flavado
1442 2514 1589 2597 quaedam
1612 2521 1750 2594 apparet,
1781 2515 1909 2576 arteriae
1938 2517 2077 2578 nutritiae
2107 2517 2170 2580 ele-

567 2647 707 2718 mentum,
730 2659 815 2722 quae·
830 2659 901 2702 mox
924 2639 959 2701 in
977 2641 1119 2702 ruborem
1141 2640 1259 2712 trauain
1288 2641 1337 2702 dle
1360 2641 1425 2718 jam
1454 2638 1614 2700 undecimo
1643 2637 1705 2700 dno
1728 2638 1956 2720 conspiciuntur
1984 2647 2096 2721 puncta
2118 2657 2169 2702 ru·-

566 2765 630 2841 bra,
652 2765 775 2826 totidem
798 2783 960 2840 ramorum,
982 2763 1147 2843 superioris
1170 2770 1199 2825 et
1221 2763 1380 2838 inferioris,
1404 2761 1561 2839 elementa,
1591 2761 1698 2844 quibus
1721 2781 1792 2842 pars
1815 2781 1927 2842 rugosa
1957 2782 2045 2824 ossea
2074 2765 2169 2826 utrin-

567 2907 625 2970 que
647 2887 830 2949 terminatur.
876 2885 1066 2950 Puncta-illa
1088 2887 1184 2946 rubra·
1201 2887 1293 2965 paulo
1316 2893 1387 2965 post
1409 2886 1612 2966 frequentiora
1634 2885 1772 2961 existunt,
1795 2892 1884 2966 atque
1907 2887 1938 2947 in
1953 2885 2169 2966 longitudinem

567 3017 690 3071 extensa
700 3008 809 3071 seriem
821 3009 1015 3070 vasculorum
1027 3015 1179 3069 rectorum
1194 3009 1386 3083 constituunt,
1396 3025 1472 3088 quae
1487 3011 1659 3068 constanter
1672 3011 1787 3087 partem
1794 3027 1912 3071 osseam
1922 3009 2061 3091 corporis
2069 3011 2169 3072 termi-

567 3139 647 3208 aaut,
676 3129 837 3212 atquibus
864 3128 1001 3192 llaller
1029 3131 1169 3192 circuli
1197 3130 1399 3194 vasculosi
1430 3149 1541 3192 nornen
1568 3131 1718 3211 imposuit
1755 3133 1879 3194 'Omnia
1905 3134 1980 3195 llaec
2007 3153 2081 3196 rasa
2110 3136 2169 3196 line

568 3255 732 3331 crassiore,
754 3255 816 3316 iere
839 3254 993 3316 clavarum
1015 3255 1046 3316 in
1068 3255 1206 3330 modum,
1228 3253 1368 3316 videntur
1390 3255 1555 3328 tenninari;
1582 3254 1640 3317 sita
1661 3261 1732 3318 sunt
1753 3255 1785 3316 in
1806 3255 1879 3319 tubo
1901 3255 2077 3335 medullari,
2107 3255 2169 3320 sul-

512 3396 518 3406 ·
568 3397 681 3461 cosque
703 3397 818 3442 osseos
833 3378 956 3440 comites
978 3379 1089 3440 habent
1110 3385 1200 3460 atque
1223 3378 1260 3439 ab
1283 3379 1319 3438 iis
1342 3379 1537 3458 recipiuntur.
1580 3379 1628 3439 Ex
1649 3378 1815 3440 intervallis
1839 3399 1945 3442 eorum
1967 3401 2058 3443 verae
2089 3401 2171 3444 nunc

567 3501 696 3564 laminae
719 3521 826 3566 osseae
847 3502 1023 3583 prosiliunt,
1053 3521 1131 3584 quae
1153 3503 1252 3582 magis
1271 3503 1425 3583 magisque
1453 3507 1642 3580 assurgentes
1663 3501 1786 3563 tandem
1808 3501 1945 3566 alveolos
1968 3505 2117 3584 efficiunt,
2138 3505 2170 3568 iu

568 3625 679 3707 quibus
697 3645 771 3690 vasa
791 3645 849 3708 per
869 3625 1053 3708 aliquantum
1076 3627 1172 3689 adhuc
1194 3633 1313 3708 tempus
1334 3627 1447 3709 percipi
1470 3633 1605 3706 possunt,
1628 3625 1726 3689 minus
1749 3631 1849 3689 tamen
1871 3628 2035 3710 conspirata
2057 3639 2134 3693 sunt.

727 3749 828 3812 nliud·
841 3771 944 3830 genus
958 3769 1105 3814 vasonum
1122 3751 1199 3812 inter
1221 3753 1311 3814 libras
1335 3759 1365 3813 et
1386 3750 1512 3812 laminas
1532 3750 1646 3812 ossium
1669 3750 1810 3814 decurrit.
1854 3753 1923 3814 lam
1945 3772 1964 3812 a
1986 3753 2170 3817 diedecima

568 3873 665 3948 tertio,
688 3871 822 3931 demuto
844 3871 1005 3949 pedaneo,
1029 3874 1107 3932 ossis
1130 3875 1304 3952 superficies
1334 3874 1419 3953 qnasi
1450 3871 1540 3949 guttis
1571 3875 1744 3952 sanguineis
1771 3893 1899 3955 aspersa
1923 3885 2062 3955 apparet;
2093 3897 2171 3960 quaa

569 3995 629 4057 cito
651 3995 683 4055 iu
705 3993 825 4072 longius
846 3999 1017 4072 protractae
1039 4011 1112 4053 vasa
1134 4011 1166 4053 se
1190 4011 1256 4054 esse
1278 3995 1449 4054 ostendunt.
1494 3995 1686 4070 llaecvasa,
1709 4003 1800 4075 prout
1822 3997 1961 4059 increscit
1981 3997 2170 4064 lamettamm

569 4137 710 4180 numerus
733 4125 762 4178 et
785 4116 862 4179 assis
886 4116 1044 4192 crassities,
1067 4115 1177 4177 sensim
1200 4115 1323 4177 dirninrri
1345 4117 1492 4192 videntur,
1515 4137 1551 4178 ac
1574 4116 1622 4178 die
1647 4117 1766 4179 dearum
1788 4117 1830 4180 21
1854 4137 1981 4199 prorsus
2009 4121 2170 4203 disparent,

570 4260 631 4323 quo
654 4241 687 4302 tt
708 4247 744 4302 ut
764 4259 813 4316 oa,
840 4247 928 4301 antea
950 4240 1088 4318 rubrum,
1117 4239 1216 4319 magis
1243 4241 1395 4322 magisque
1426 4239 1571 4314 albescat;
1598 4241 1739 4304 detractis
1768 4261 1849 4304 vero·
1871 4241 1999 4307 lamellis
2030 4249 2171 4327 extemis,

570 4384 643 4425 vasa
664 4383 768 4426 rursus
791 4363 1023 4444 conspiciuntur.
1067 4363 1139 4426 Non
1163 4363 1300 4440 dubium,
1331 4345 1402 4446 quiri
1432 4365 1506 4428 llaec
1528 4385 1564 4426 ea
1586 4363 1646 4427 sint
1667 4385 1749 4442 vasa,
1771 4386 1849 4450 quae
1877 4387 1895 4430 e
1923 4369 2075 4450 periusteo
2107 4381 2172 4440 tota

571 4487 729 4568 superficie
752 4488 782 4549 in
805 4507 841 4550 os
864 4488 983 4549 iutrmt

730 4612 830 4706 l’rirm
850 4610 914 4673 tubi
936 4611 1110 4675 medullaris
1133 4614 1340 4678 inchoamenta
1362 4615 1393 4675 in
1415 4614 1502 4696 pullo
1525 4633 1596 4692 uno,
1619 4615 1706 4696 cujus
1729 4613 1862 4698 rapidius
1885 4615 1982 4680 luerat
2003 4619 2168 4682 ineremen-

571 4745 641 4813 tum,
664 4735 796 4831 diejam
819 4743 927 4798 octavo
951 4755 1096 4818 apparare
1118 4732 1203 4811 vidia
1233 4758 1315 4800 nouo
1339 4738 1370 4800 in
1394 4737 1533 4802 omuibus
1554 4739 1742 4822 conspicuus
1760 4747 1832 4817 crat,
1854 4742 1887 4804 iu
1909 4741 1973 4804 dies
1997 4743 2170 4823 augebatur,

571 4869 601 4921 et
622 4881 677 4941 per
698 4867 791 4928 totam
815 4867 929 4941 partem
959 4861 1037 4922 ossis
1065 4880 1190 4941 opacam
1212 4861 1430 4942 porrigebatur.
1482 4861 1522 4924 ln
1546 4863 1645 4927 meelio
1677 4865 1832 4945 angustior
1854 4872 1915 4944 est,
1943 4865 2034 4930 latior
2062 4885 2169 4930 tersus
