4856 5896
1016 559 1076 640 aa

252 789 332 835 ossa.
379 773 465 836 Mula
486 774 563 838 inter
585 775 703 857 copiam
723 775 881 858 utriusque
904 775 989 852 ratio,
1011 783 1047 837 at
1067 774 1210 838 alterutra
1233 761 1419 859 praevaleat,
1441 787 1493 842 aut
1516 781 1705 861 aagdnuum
1734 784 1856 847 muriam

252 896 400 977 producit,
422 905 457 960 nt
475 899 506 961 in
523 901 652 977 senibus,
674 901 707 962 in
725 900 879 980 mserasia
895 899 1073 976 aromatica,
1096 901 1342 978 carcinomatum,
1364 903 1542 984 sypbllitica,
1566 911 1618 968 aut
1632 905 1855 986 emollitionem,

251 1022 336 1083 utin
359 1022 523 1086 rlracbitide
546 1030 576 1086 et
597 1023 824 1098 osteomalacla;
857 1024 902 1087 sic
929 1025 1037 1104 Davy
1067 1024 1098 1086 ln
1127 1023 1200 1087 tibia
1227 1026 1346 1090 inlatum
1376 1027 1539 1090 rbacbltide
1566 1029 1664 1092 affecti
1694 1049 1711 1093 e
1734 1037 1855 1095 eenutm

249 1145 384 1226 partibus
406 1147 591 1210 substantiae
613 1148 749 1212 animalis
772 1148 884 1210 invenit
906 1145 1206 1226 tattumaeaott,
1219 1150 1260 1210 lu
1283 1149 1363 1231 pelvi
1377 1151 1503 1214 laminae
1522 1152 1656 1214 emollita
1670 1154 1854 1217 substantiae

250 1269 386 1332 animalis
410 1267 492 1347 75,8,
506 1278 631 1334 ’terreae
651 1270 743 1348 atam
771 1272 948 1334 Bostoclt
971 1273 1140 1335 vertebram
1162 1273 1325 1336 rbacbititle
1348 1274 1510 1337 emollitam
1532 1283 1608 1356 part
1633 1279 1721 1341 anim.
1747 1277 1853 1354 tato,

234 1399 367 1455 ¹terreae
388 1392 485 1472 Mb
508 1402 649 1458 constare
670 1395 753 1458 sidit.

409 1519 571 1600 Quaeritur
594 1520 738 1603 denique,
769 1535 901 1602 quonam
929 1520 1020 1582 modo
1052 1527 1132 1582 terra
1163 1541 1251 1583 ossea
1281 1541 1348 1582 cnm
1372 1507 1544 1603 cartilagine
1557 1524 1644 1587 'ossis
1668 1525 1728 1586 riri
1748 1527 1853 1604 junctu

248 1641 294 1703 sit.
330 1642 410 1702 Fere
431 1661 545 1720 omnes,
568 1644 619 1726 qni
642 1644 682 1705 de
705 1645 819 1706 ossium
841 1651 992 1706 stutctnra
1015 1645 1208 1726 scripserunt,
1231 1647 1308 1706 lianc
1325 1650 1776 1730 proposueruntquaestionem,
1800 1671 1852 1712 ne-

233 1783 403 1847 querere
427 1768 583 1850 quisquam
607 1768 793 1848 propositam
816 1768 976 1848 expedivit.
999 1799 1041 1818 ·-
1066 1768 1213 1851 Plerique,
1236 1771 1378 1830 commoti
1400 1769 1444 1830 illi
1468 1770 1588 1852 quidem
1609 1771 1717 1834 duritie
1739 1751 1851 1834 ossium

248 1908 415 1973 eorumque
437 1892 537 1972 specie
560 1891 784 1974 quodammodo
808 1893 997 1970 arrorgauica,
1021 1900 1120 1974 partes
1143 1893 1432 1955 terreus'materiem
1454 1899 1686 1975 esseputarnnt
1707 1895 1786 1957 vitae
1799 1913 1850 1957 cx-

236 2023 371 2094 pertem,
393 2016 424 2078 in
447 2016 628 2096 cartilagine,
651 2033 728 2098 quac
750 2014 818 2077 sola
838 2015 908 2078 viva
929 2016 976 2092 sit,
1000 2015 1178 2098 depositam,
1197 2033 1259 2078 non
1284 2016 1370 2077 aliter
1392 2036 1428 2077 uc
1448 2017 1481 2078 in
1503 2018 1586 2097 liguo
1602 2019 1767 2099 petretaoto
1791 2028 1851 2080 tcr-

248 2141 459 2200 icamateries
482 2139 640 2202 interstitia
660 2137 738 2200 telae
766 2138 917 2220 compleat
946 2147 1034 2221 atque
1060 2139 1092 2200 in
1115 2138 1216 2201 locum
1238 2141 1368 2220 partium
1391 2141 1601 2219 organicorum
1632 2141 1850 2206 destructarum

248 2261 349 2336 cedam
371 2273 489 2339 terram,
511 2271 544 2324 nt
565 2263 597 2324 iri
619 2281 683 2344 cap.
709 2261 726 2324 l
751 2263 790 2323 dc
812 2263 1002 2342 osteogenesi
1024 2262 1159 2340 nan-avi,
1185 2263 1235 2324 vel
1258 2263 1472 2324 incrustatiune
1496 2264 1624 2346 quadam
1647 2266 1727 2326 circa
1757 2264 1848 2326 libras

248 2387 463 2467 cartilagineis,
485 2385 535 2448 vel
557 2387 588 2450 in
610 2386 698 2464 vasis,
720 2385 769 2448 vel
792 2384 922 2470 deniqne
944 2387 974 2447 in
997 2386 1065 2449 aliis
1088 2386 1251 2449 interstitiis
1274 2385 1452 2449 cellularum
1475 2387 1586 2468 deponi
1616 2387 1850 2462 arbitrabantnr;

248 2511 354 2591 quibus
384 2511 424 2572 de
452 2511 618 2587 sententiis,
647 2511 719 2593 quid
747 2511 786 2573 sit
810 2510 1024 2590 judicandum,
1054 2529 1146 2590 snpra
1171 2512 1236 2589 jum
1265 2512 1469 2592 exposuimus.
1523 2511 1737 2574 Recentiorum
1772 2531 1849 2594 qno-

246 2654 305 2716 que
327 2635 457 2718 quidam,
479 2635 524 2697 bis
546 2635 594 2696 usi
616 2635 807 2714 argumentis,
829 2634 912 2716 quod
934 2640 1061 2715 unaque
1083 2635 1312 2696 elementatum
1334 2634 1422 2697 facile
1444 2637 1658 2715 sejungantur,
1681 2641 1782 2718 atque,
1806 2637 1849 2697 fa-

246 2763 294 2818 eta
317 2759 513 2836 sejunctione,
535 2735 680 2837 cartilago
703 2757 807 2819 relicta
829 2764 949 2819 textura
970 2775 1033 2817 uon
1055 2763 1168 2817 mutata
1190 2756 1365 2835 reperiatur,
1387 2763 1416 2818 et
1438 2757 1521 2838 quod
1544 2778 1615 2820 ossa
1637 2759 1783 2820 calcinate
1805 2761 1849 2820 la-

247 2880 358 2943 cillime
386 2882 417 2942 in
444 2880 600 2962 pulverem
623 2879 806 2956 dilabantur,
836 2880 867 2964 ln
898 2879 1023 2940 eundem
1048 2884 1263 2940 concesserunt
1283 2877 1474 2952 senteutiam;
1506 2885 1595 2962 atque
1623 2883 1794 2943 Deutscli
1817 2883 1848 2943 in

246 3005 421 3068 cartaliculis
444 3003 656 3081 minutissimis
679 3004 716 3066 ab
740 3003 834 3064 alteru
856 3003 976 3064 lamella
999 3002 1037 3062 ud
1060 3002 1184 3064 alteram
1200 2983 1429 3078 trausetmtibnS,
1451 3001 1554 3064 locum
1566 3004 1769 3085 quaerendum
1781 3023 1848 3066 esse

247 3130 368 3210 putarit,
391 3129 506 3212 inquo
529 3135 609 3191 terra
631 3128 683 3190 illa
705 3127 882 3209 deponatur.
903 3161 945 3174 -
970 3127 1085 3212 Verum
1107 3131 1141 3188 ut
1163 3125 1304 3202 omittam,
1328 3144 1402 3207 quas
1425 3144 1517 3205 supra
1535 3128 1600 3206 jain
1623 3128 1708 3190 attuli
1732 3128 1848 3190 dubitu-

247 3253 355 3329 dones,
382 3253 455 3336 quid
478 3261 530 3330 est,
559 3252 643 3334 quod
665 3251 809 3314 certiores
833 3270 891 3312 nos
914 3250 1017 3326 iaciat,
1040 3246 1225 3312 cantaliculos
1247 3248 1326 3326 illos,
1348 3249 1374 3311 si
1397 3247 1549 3326 adessent,
1581 3250 1619 3310 ad
1642 3251 1721 3313 hunc
1743 3251 1848 3332 ipsum,

247 3396 343 3460 neque
367 3378 405 3440 ad
428 3378 520 3440 alium
542 3377 632 3440 linem
655 3376 781 3438 adesse?
870 3415 876 3426 «

407 3502 500 3583 Quod
521 3501 561 3564 ad
582 3500 708 3583 reliqua,
731 3519 808 3582 quae
832 3497 1003 3574 allerunbrr,
1028 3497 1130 3560 attinet
1153 3503 1342 3577 argumenta,
1365 3495 1446 3558 baud
1467 3517 1570 3574 secus,
1600 3517 1636 3560 ac
1658 3517 1696 3560 ex
1719 3499 1847 3595 ossibus,

247 3643 264 3685 e
287 3625 420 3704 partibus
442 3625 583 3689 mollibus
607 3643 727 3708 quoque
750 3629 850 3703 partes
873 3622 995 3698 salinae,
1018 3621 1122 3683 illaesa
1144 3621 1265 3683 illarum
1287 3627 1451 3696 strncbnra,
1476 3642 1535 3701 ope
1557 3621 1713 3684 acidorum
1742 3623 1847 3704 (clrlo-

247 3747 333 3832 rinii)
357 3749 469 3810 extrahi
491 3755 634 3832 possunt;
657 3767 713 3810 uec
735 3747 826 3826 longe
849 3745 946 3806 dillert
968 3744 1169 3806 carbonisatio
1192 3743 1265 3824 ligni
1288 3763 1307 3804 a
1334 3743 1531 3806 calcinatione
1554 3745 1683 3819 ossium,
1705 3745 1737 3805 iu
1766 3754 1847 3808 utra·

247 3892 307 3956 que
330 3879 464 3935 texturae
485 3893 548 3936 non
572 3871 688 3935 tollitur
710 3870 842 3950 species;
867 3867 1006 3930 materies
1029 3867 1060 3928 in
1083 3865 1216 3948 nmisque
1238 3864 1369 3941 mollior,
1392 3865 1508 3928 amissis
1531 3865 1666 3946 partibus
1682 3867 1777 3948 magis
1791 3887 1846 3930 vo-

245 3997 377 4061 latilibus
399 3999 448 4061 vel
471 3995 736 4070 combustibilibus,
760 3992 811 4054 alii
833 3991 977 4072 fragiliori
1001 3989 1154 4072 magisque
1168 3987 1392 4050 lriubililocum
1415 3989 1514 4050 cessit.
1558 3988 1631 4052 Non
1661 3990 1720 4052 alia
1735 3970 1847 4075 xitaque

247 4123 324 4186 ratio
347 4129 392 4185 est
412 4121 543 4205 partium
564 4127 737 4194 terrearum,
760 4134 838 4201 quae
861 4117 891 4177 in
914 4115 1033 4178 ossibus
1055 4121 1139 4190 salut,
1169 4133 1259 4196 quam
1282 4132 1386 4174 earum
1410 4132 1487 4194 quae
1509 4112 1541 4174 in
1564 4111 1630 4174 aliis
1653 4133 1773 4196 quoque
1795 4133 1846 4178 or-

247 4247 341 4328 ganis,
364 4253 393 4308 et
417 4245 568 4322 carbonis,
590 4243 641 4327 qni
663 4243 694 4305 in
715 4241 826 4324 plantis
849 4240 1012 4320 repetitum
1041 4257 1139 4320 neque
1160 4237 1266 4314 video,
1296 4256 1350 4298 cur
1379 4237 1484 4296 harum
1512 4235 1757 4312 conjunctionem
1784 4257 1847 4302 non

247 4371 347 4434 solum
369 4369 540 4446 chemicam,
563 4369 616 4431 sed
640 4367 727 4430 etiam
751 4363 931 4444 organicam,
954 4363 1075 4424 illarum
1098 4361 1259 4444 chemicam
1281 4358 1373 4422 modo
1397 4358 1539 4434 dicamus,
1563 4359 1675 4440 quain
1693 4379 1847 4424 recaven-

247 4494 320 4558 dnm
342 4500 395 4571 est
418 4513 456 4556 nc
479 4493 568 4574 copia
590 4491 720 4573 partium
742 4497 906 4551 terreamm
929 4488 1045 4565 majore
1068 4486 1255 4578 seducamur.
1302 4485 1481 4544 Terrearum
1503 4481 1593 4562 igitur
1614 4491 1685 4544 enm
1713 4484 1848 4546 animali·

246 4621 313 4696 bus,
336 4637 410 4701 quas
434 4617 544 4690 dicunt
566 4615 701 4695 partibus
724 4611 899 4693 conjunctio
922 4629 979 4690 pro
1005 4606 1298 4688 organico-chemica
1321 4605 1459 4669 habenda
1480 4605 1550 4682 erit,
1579 4624 1676 4688 usqne
1705 4605 1776 4670 dum
1798 4607 1848 4670 vd

248 4742 416 4808 anatomica
445 4737 610 4821 disquisitio
639 4737 825 4799 eontrarium
855 4733 1042 4816 probaverit,
1079 4732 1128 4794 vel
1157 4750 1269 4794 novam
1298 4737 1468 4813 certamque
1497 4729 1612 4792 chenric
1640 4728 1849 4793 demonstrarit

247 4871 335 4944 aiam,
358 4886 418 4950 qua
439 4862 556 4926 deliniri
579 4859 675 4942 possit
697 4858 831 4921 conditio
854 4859 984 4938 partium
1006 4856 1193 4918 minerclium
1216 4875 1285 4918 eum
1307 4854 1456 4937 organicis
1475 4855 1658 4934 junctarum.
1703 4853 1792 4916 Certe
1810 4851 1847 4914 il-

248 4994 302 5070 las,
325 4993 351 5056 si
373 4989 489 5072 legibus
513 4985 652 5048 chemicis
675 4983 914 5062 obtemperantes
938 4981 1092 5062 depositae
1115 4987 1231 5057 essent,
1261 4979 1372 5063 quippe
1395 4998 1412 5040 e
1435 4978 1579 5058 sanguine
1602 4982 1747 5052 secretas,
1778 4995 1847 5056 cry·

1474 5099 1493 5164 7
