<?xml version="1.0" encoding="UTF-8"?>
<!DOCTYPE html PUBLIC "-//W3C//DTD XHTML 1.0 Transitional//EN"
    "http://www.w3.org/TR/xhtml1/DTD/xhtml1-transitional.dtd">
<html xmlns="http://www.w3.org/1999/xhtml" xml:lang="en" lang="en">
 <head>
  <title>
</title>
<meta http-equiv="Content-Type" content="text/html;charset=utf-8" />
  <meta name='ocr-system' content='tesseract 3.04.00' />
  <meta name='ocr-capabilities' content='ocr_page ocr_carea ocr_par ocr_line ocrx_word'/>
</head>
<body>
  <div class='ocr_page' id='page_1' title='image "./deinflammatione00mlgoog_0108.png"; bbox 0 0 4784 5894; ppageno 0'>
   <div class='ocr_carea' id='block_1_1' title="bbox 946 561 1000 638">
    <p class='ocr_par' dir='ltr' id='par_1_1' title="bbox 946 561 1000 638">
     <span class='ocr_line' id='line_1_1' title="bbox 946 561 1000 638; baseline 0 0"><span class='ocrx_word' id='word_1_1' title='bbox 946 561 1000 638; x_wconf 84' lang='grc'><strong>89</strong></span> 
     </span>
    </p>
   </div>
   <div class='ocr_carea' id='block_1_2' title="bbox 164 741 1774 886">
    <p class='ocr_par' dir='ltr' id='par_1_2' title="bbox 164 741 1774 886">
     <span class='ocr_line' id='line_1_2' title="bbox 164 741 1774 886; baseline 0.001 -50"><span class='ocrx_word' id='word_1_2' title='bbox 164 741 250 838; x_wconf 76' lang='lat' dir='ltr'><strong>¹ictus</strong></span> <span class='ocrx_word' id='word_1_3' title='bbox 273 793 343 837; x_wconf 90' lang='lat' dir='ltr'><strong>cum</strong></span> <span class='ocrx_word' id='word_1_4' title='bbox 365 773 474 840; x_wconf 90' lang='lat' dir='ltr'><strong>ictibus</strong></span> <span class='ocrx_word' id='word_1_5' title='bbox 498 777 675 838; x_wconf 74' lang='lat' dir='ltr'><strong>arterimm</strong></span> <span class='ocrx_word' id='word_1_6' title='bbox 697 779 881 856; x_wconf 86' lang='lat' dir='ltr'><strong>congruunt,</strong></span> <span class='ocrx_word' id='word_1_7' title='bbox 910 773 1087 886; x_wconf 87' lang='lat' dir='ltr'><strong>percipitur,</strong></span> <span class='ocrx_word' id='word_1_8' title='bbox 1115 791 1193 857; x_wconf 88' lang='lat' dir='ltr'><strong>qnae</strong></span> <span class='ocrx_word' id='word_1_9' title='bbox 1219 777 1327 856; x_wconf 82' lang='lat' dir='ltr'><strong>postea</strong></span> <span class='ocrx_word' id='word_1_10' title='bbox 1355 793 1425 836; x_wconf 90' lang='lat' dir='ltr'><strong>cum</strong></span> <span class='ocrx_word' id='word_1_11' title='bbox 1453 779 1538 836; x_wconf 90' lang='lat' dir='ltr'><strong>motn</strong></span> <span class='ocrx_word' id='word_1_12' title='bbox 1567 773 1699 858; x_wconf 88' lang='lat' dir='ltr'><strong>quodam</strong></span> <span class='ocrx_word' id='word_1_13' title='bbox 1721 793 1774 839; x_wconf 88' lang='lat' dir='ltr'><strong>ex-</strong></span> 
     </span>
    </p>
   </div>
   <div class='ocr_carea' id='block_1_3' title="bbox 168 898 1790 4334">
    <p class='ocr_par' dir='ltr' id='par_1_3' title="bbox 168 898 1790 2100">
     <span class='ocr_line' id='line_1_3' title="bbox 169 898 1776 982; baseline 0.001 -22"><span class='ocrx_word' id='word_1_14' title='bbox 169 899 300 980; x_wconf 87' lang='lat' dir='ltr'><strong>pansivo</strong></span> <span class='ocrx_word' id='word_1_15' title='bbox 321 919 377 980; x_wconf 90' lang='lat' dir='ltr'><strong>per</strong></span> <span class='ocrx_word' id='word_1_16' title='bbox 398 905 496 963; x_wconf 81' lang='lat' dir='ltr'><strong>tobim</strong></span> <span class='ocrx_word' id='word_1_17' title='bbox 517 906 667 964; x_wconf 87' lang='lat' dir='ltr'><strong>tumorem</strong></span> <span class='ocrx_word' id='word_1_18' title='bbox 688 905 809 981; x_wconf 85' lang='lat' dir='ltr'><strong>patente</strong></span> <span class='ocrx_word' id='word_1_19' title='bbox 831 899 1033 980; x_wconf 88' lang='lat' dir='ltr'><strong>conjungitur,</strong></span> <span class='ocrx_word' id='word_1_20' title='bbox 1056 904 1147 982; x_wconf 81' lang='lat' dir='ltr'><strong>atque</strong></span> <span class='ocrx_word' id='word_1_21' title='bbox 1166 903 1276 963; x_wconf 71' lang='lat' dir='ltr'><strong>manco</strong></span> <span class='ocrx_word' id='word_1_22' title='bbox 1287 898 1415 960; x_wconf 80' lang='lat' dir='ltr'><strong>arteriae</strong></span> <span class='ocrx_word' id='word_1_23' title='bbox 1429 919 1522 980; x_wconf 91' lang='lat' dir='ltr'><strong>supra</strong></span> <span class='ocrx_word' id='word_1_24' title='bbox 1533 905 1681 962; x_wconf 89' lang='lat' dir='ltr'><strong>tumorem</strong></span> <span class='ocrx_word' id='word_1_25' title='bbox 1693 919 1776 962; x_wconf 91' lang='lat' dir='ltr'><strong>com-</strong></span> 
     </span>
     <span class='ocr_line' id='line_1_4' title="bbox 168 1021 1776 1106; baseline 0 -20"><span class='ocrx_word' id='word_1_26' title='bbox 168 1041 277 1104; x_wconf 86' lang='lat' dir='ltr'><strong>presso</strong></span> <span class='ocrx_word' id='word_1_27' title='bbox 299 1023 415 1104; x_wconf 86' lang='lat' dir='ltr'><strong>percipi</strong></span> <span class='ocrx_word' id='word_1_28' title='bbox 437 1023 554 1088; x_wconf 89' lang='lat' dir='ltr'><strong>desinit.</strong></span> <span class='ocrx_word' id='word_1_29' title='bbox 599 1024 718 1104; x_wconf 77' lang='lat' dir='ltr'><strong>Digitus</strong></span> <span class='ocrx_word' id='word_1_30' title='bbox 747 1024 826 1106; x_wconf 85' lang='lat' dir='ltr'><strong>parti</strong></span> <span class='ocrx_word' id='word_1_31' title='bbox 856 1023 979 1086; x_wconf 78' lang='lat' dir='ltr'><strong>affectae</strong></span> <span class='ocrx_word' id='word_1_32' title='bbox 1000 1023 1166 1104; x_wconf 77' lang='lat' dir='ltr'><strong>impressus</strong></span> <span class='ocrx_word' id='word_1_33' title='bbox 1188 1021 1301 1104; x_wconf 89' lang='lat' dir='ltr'><strong>passim</strong></span> <span class='ocrx_word' id='word_1_34' title='bbox 1323 1022 1508 1102; x_wconf 76' lang='lat' dir='ltr'>singularem</span> <span class='ocrx_word' id='word_1_35' title='bbox 1535 1024 1685 1106; x_wconf 81' lang='lat' dir='ltr'><strong>quendam</strong></span> <span class='ocrx_word' id='word_1_36' title='bbox 1707 1045 1776 1106; x_wconf 86' lang='lat' dir='ltr'><strong>per-</strong></span> 
     </span>
     <span class='ocr_line' id='line_1_5' title="bbox 168 1146 1776 1230; baseline 0.001 -22"><span class='ocrx_word' id='word_1_37' title='bbox 168 1146 243 1228; x_wconf 86' lang='lat' dir='ltr'>cipit</span> <span class='ocrx_word' id='word_1_38' title='bbox 262 1165 392 1224; x_wconf 88' lang='lat' dir='ltr'><strong>sensum,</strong></span> <span class='ocrx_word' id='word_1_39' title='bbox 416 1154 558 1230; x_wconf 90' lang='lat' dir='ltr'><strong>tanquam</strong></span> <span class='ocrx_word' id='word_1_40' title='bbox 580 1147 772 1211; x_wconf 80' lang='lat' dir='ltr'><strong>membranae</strong></span> <span class='ocrx_word' id='word_1_41' title='bbox 797 1167 1002 1230; x_wconf 83' lang='lat' dir='ltr'><strong>pergamenae</strong></span> <span class='ocrx_word' id='word_1_42' title='bbox 1025 1147 1197 1228; x_wconf 85' lang='lat' dir='ltr'><strong>crepitantis</strong></span> <span class='ocrx_word' id='word_1_43' title='bbox 1219 1147 1270 1210; x_wconf 91' lang='lat' dir='ltr'><strong>vel</strong></span> <span class='ocrx_word' id='word_1_44' title='bbox 1293 1153 1387 1210; x_wconf 89' lang='lat' dir='ltr'><strong>testae</strong></span> <span class='ocrx_word' id='word_1_45' title='bbox 1409 1148 1460 1210; x_wconf 94' lang='lat' dir='ltr'><strong>ovi</strong></span> <span class='ocrx_word' id='word_1_46' title='bbox 1476 1148 1628 1210; x_wconf 81' lang='lat' dir='ltr'><strong>infractae.</strong></span> <span class='ocrx_word' id='word_1_47' title='bbox 1674 1152 1776 1230; x_wconf 85' lang='lat' dir='ltr'><strong>Quum</strong></span> 
     </span>
     <span class='ocr_line' id='line_1_6' title="bbox 170 1271 1776 1354; baseline 0.001 -22"><span class='ocrx_word' id='word_1_48' title='bbox 170 1289 242 1334; x_wconf 87' lang='lat' dir='ltr'><strong>ossa</strong></span> <span class='ocrx_word' id='word_1_49' title='bbox 264 1271 433 1334; x_wconf 70' lang='lat' dir='ltr'><strong>accuratius</strong></span> <span class='ocrx_word' id='word_1_50' title='bbox 456 1272 692 1354; x_wconf 84' lang='lat' dir='ltr'><strong>inquirerentur,</strong></span> <span class='ocrx_word' id='word_1_51' title='bbox 723 1271 783 1336; x_wconf 89' lang='lat' dir='ltr'><strong>tela</strong></span> <span class='ocrx_word' id='word_1_52' title='bbox 811 1273 977 1352; x_wconf 89' lang='lat' dir='ltr'><strong>spongiosa</strong></span> <span class='ocrx_word' id='word_1_53' title='bbox 1006 1272 1086 1334; x_wconf 88' lang='lat' dir='ltr'><strong>intus</strong></span> <span class='ocrx_word' id='word_1_54' title='bbox 1116 1272 1143 1336; x_wconf 86' lang='lat' dir='ltr'><strong>si</strong></span> <span class='ocrx_word' id='word_1_55' title='bbox 1165 1291 1228 1334; x_wconf 91' lang='lat' dir='ltr'><strong>non</strong></span> <span class='ocrx_word' id='word_1_56' title='bbox 1252 1277 1329 1348; x_wconf 90' lang='lat' dir='ltr'><strong>tota,</strong></span> <span class='ocrx_word' id='word_1_57' title='bbox 1355 1272 1517 1334; x_wconf 90' lang='lat' dir='ltr'><strong>maximam</strong></span> <span class='ocrx_word' id='word_1_58' title='bbox 1536 1279 1636 1334; x_wconf 78' lang='lat' dir='ltr'><strong>tanmn</strong></span> <span class='ocrx_word' id='word_1_59' title='bbox 1659 1279 1776 1354; x_wconf 85' lang='lat' dir='ltr'><strong>partem</strong></span> 
     </span>
     <span class='ocr_line' id='line_1_7' title="bbox 171 1395 1775 1477; baseline 0.002 -21"><span class='ocrx_word' id='word_1_60' title='bbox 171 1395 323 1458; x_wconf 88' lang='lat' dir='ltr'><strong>destructa</strong></span> <span class='ocrx_word' id='word_1_61' title='bbox 345 1395 523 1476; x_wconf 64' lang='lat' dir='ltr'><strong>apparebam</strong></span> <span class='ocrx_word' id='word_1_62' title='bbox 547 1414 654 1458; x_wconf 87' lang='lat' dir='ltr'><strong>cavum</strong></span> <span class='ocrx_word' id='word_1_63' title='bbox 677 1395 840 1472; x_wconf 88' lang='lat' dir='ltr'><strong>dilatatum,</strong></span> <span class='ocrx_word' id='word_1_64' title='bbox 862 1396 1009 1476; x_wconf 83' lang='lat' dir='ltr'><strong>sanguine</strong></span> <span class='ocrx_word' id='word_1_65' title='bbox 1032 1402 1177 1457; x_wconf 90' lang='lat' dir='ltr'><strong>concreto</strong></span> <span class='ocrx_word' id='word_1_66' title='bbox 1201 1403 1238 1471; x_wconf 89' lang='lat' dir='ltr'><strong>et,</strong></span> <span class='ocrx_word' id='word_1_67' title='bbox 1260 1396 1304 1457; x_wconf 89' lang='lat' dir='ltr'><strong>uti</strong></span> <span class='ocrx_word' id='word_1_68' title='bbox 1326 1397 1389 1458; x_wconf 87' lang='lat' dir='ltr'><strong>iere</strong></span> <span class='ocrx_word' id='word_1_69' title='bbox 1411 1397 1445 1458; x_wconf 87' lang='lat' dir='ltr'><strong>fit</strong></span> <span class='ocrx_word' id='word_1_70' title='bbox 1466 1396 1498 1458; x_wconf 90' lang='lat' dir='ltr'><strong>in</strong></span> <span class='ocrx_word' id='word_1_71' title='bbox 1516 1397 1775 1477; x_wconf 87' lang='lat' dir='ltr'><strong>aneurysmatibns</strong></span> 
     </span>
     <span class='ocr_line' id='line_1_8' title="bbox 171 1511 1790 1601; baseline 0.002 -21"><span class='ocrx_word' id='word_1_72' title='bbox 171 1518 355 1596; x_wconf 85' lang='lat' dir='ltr'><strong>inveteratis,</strong></span> <span class='ocrx_word' id='word_1_73' title='bbox 386 1525 557 1600; x_wconf 88' lang='lat' dir='ltr'><strong>perstrata</strong></span> <span class='ocrx_word' id='word_1_74' title='bbox 584 1511 776 1582; x_wconf 82' lang='lat' dir='ltr'><strong>concentrica</strong></span> <span class='ocrx_word' id='word_1_75' title='bbox 798 1520 946 1600; x_wconf 90' lang='lat' dir='ltr'><strong>disposito</strong></span> <span class='ocrx_word' id='word_1_76' title='bbox 968 1519 1116 1600; x_wconf 87' lang='lat' dir='ltr'><strong>repletum</strong></span> <span class='ocrx_word' id='word_1_77' title='bbox 1139 1525 1211 1597; x_wconf 77' lang='lat' dir='ltr'><strong>erat,</strong></span> <span class='ocrx_word' id='word_1_78' title='bbox 1234 1525 1324 1601; x_wconf 90' lang='lat' dir='ltr'><strong>atqne</strong></span> <span class='ocrx_word' id='word_1_79' title='bbox 1345 1539 1425 1584; x_wconf 86' lang='lat' dir='ltr'><strong>unus</strong></span> <span class='ocrx_word' id='word_1_80' title='bbox 1446 1519 1496 1582; x_wconf 90' lang='lat' dir='ltr'><strong>vel</strong></span> <span class='ocrx_word' id='word_1_81' title='bbox 1519 1522 1622 1601; x_wconf 89' lang='lat' dir='ltr'><strong>plures</strong></span> <span class='ocrx_word' id='word_1_82' title='bbox 1651 1522 1790 1584; x_wconf 66' lang='lat' dir='ltr'><strong>arteria-1</strong></span> 
     </span>
     <span class='ocr_line' id='line_1_9' title="bbox 171 1643 1775 1710; baseline 0.001 -4"><span class='ocrx_word' id='word_1_83' title='bbox 171 1664 238 1706; x_wconf 91' lang='lat' dir='ltr'><strong>rum</strong></span> <span class='ocrx_word' id='word_1_84' title='bbox 258 1644 334 1706; x_wconf 85' lang='lat' dir='ltr'><strong>rami</strong></span> <span class='ocrx_word' id='word_1_85' title='bbox 357 1663 426 1704; x_wconf 90' lang='lat' dir='ltr'><strong>cnm</strong></span> <span class='ocrx_word' id='word_1_86' title='bbox 448 1663 486 1708; x_wconf 92' lang='lat' dir='ltr'><strong>eo</strong></span> <span class='ocrx_word' id='word_1_87' title='bbox 510 1643 751 1706; x_wconf 90' lang='lat' dir='ltr'><strong>communionem</strong></span> <span class='ocrx_word' id='word_1_88' title='bbox 773 1643 932 1706; x_wconf 84' lang='lat' dir='ltr'><strong>habebant</strong></span> <span class='ocrx_word' id='word_1_89' title='bbox 982 1645 1099 1706; x_wconf 80' lang='lat' dir='ltr'><strong>Cortex</strong></span> <span class='ocrx_word' id='word_1_90' title='bbox 1121 1643 1214 1706; x_wconf 91' lang='lat' dir='ltr'><strong>durus</strong></span> <span class='ocrx_word' id='word_1_91' title='bbox 1238 1651 1379 1706; x_wconf 86' lang='lat' dir='ltr'><strong>externas</strong></span> <span class='ocrx_word' id='word_1_92' title='bbox 1408 1665 1481 1706; x_wconf 85' lang='lat' dir='ltr'><strong>mox</strong></span> <span class='ocrx_word' id='word_1_93' title='bbox 1510 1646 1701 1708; x_wconf 88' lang='lat' dir='ltr'><strong>tenuissimus</strong></span> <span class='ocrx_word' id='word_1_94' title='bbox 1729 1653 1775 1710; x_wconf 85' lang='lat' dir='ltr'><strong>eat</strong></span> 
     </span>
     <span class='ocr_line' id='line_1_10' title="bbox 169 1765 1775 1849; baseline 0.002 -19"><span class='ocrx_word' id='word_1_95' title='bbox 169 1776 199 1830; x_wconf 89' lang='lat' dir='ltr'><strong>et</strong></span> <span class='ocrx_word' id='word_1_96' title='bbox 221 1767 344 1848; x_wconf 85' lang='lat' dir='ltr'><strong>tragilis,</strong></span> <span class='ocrx_word' id='word_1_97' title='bbox 374 1773 468 1830; x_wconf 87' lang='lat' dir='ltr'><strong>testae</strong></span> <span class='ocrx_word' id='word_1_98' title='bbox 490 1767 599 1829; x_wconf 89' lang='lat' dir='ltr'><strong>ovinae</strong></span> <span class='ocrx_word' id='word_1_99' title='bbox 620 1767 653 1830; x_wconf 91' lang='lat' dir='ltr'><strong>in</strong></span> <span class='ocrx_word' id='word_1_100' title='bbox 675 1765 814 1843; x_wconf 90' lang='lat' dir='ltr'><strong>modum,</strong></span> <span class='ocrx_word' id='word_1_101' title='bbox 843 1788 915 1830; x_wconf 90' lang='lat' dir='ltr'><strong>mox</strong></span> <span class='ocrx_word' id='word_1_102' title='bbox 938 1767 1076 1830; x_wconf 85' lang='lat' dir='ltr'><strong>flexibilis</strong></span> <span class='ocrx_word' id='word_1_103' title='bbox 1100 1773 1129 1828; x_wconf 90' lang='lat' dir='ltr'><strong>et</strong></span> <span class='ocrx_word' id='word_1_104' title='bbox 1151 1767 1306 1844; x_wconf 85' lang='lat' dir='ltr'><strong>clasticus,</strong></span> <span class='ocrx_word' id='word_1_105' title='bbox 1335 1788 1407 1830; x_wconf 88' lang='lat' dir='ltr'><strong>mox</strong></span> <span class='ocrx_word' id='word_1_106' title='bbox 1436 1789 1562 1849; x_wconf 83' lang='lat' dir='ltr'><strong>prorsus</strong></span> <span class='ocrx_word' id='word_1_107' title='bbox 1590 1767 1775 1846; x_wconf 67' lang='lat' dir='ltr'><strong>destructum</strong></span> 
     </span>
     <span class='ocr_line' id='line_1_11' title="bbox 168 1891 1774 1974; baseline 0.001 -18"><span class='ocrx_word' id='word_1_108' title='bbox 168 1892 353 1974; x_wconf 81' lang='lat' dir='ltr'><strong>periosteum</strong></span> <span class='ocrx_word' id='word_1_109' title='bbox 376 1892 515 1967; x_wconf 86' lang='lat' dir='ltr'><strong>crassius,</strong></span> <span class='ocrx_word' id='word_1_110' title='bbox 537 1911 611 1954; x_wconf 86' lang='lat' dir='ltr'><strong>vasa</strong></span> <span class='ocrx_word' id='word_1_111' title='bbox 641 1892 756 1954; x_wconf 88' lang='lat' dir='ltr'><strong>ossium</strong></span> <span class='ocrx_word' id='word_1_112' title='bbox 783 1891 909 1972; x_wconf 88' lang='lat' dir='ltr'><strong>propria</strong></span> <span class='ocrx_word' id='word_1_113' title='bbox 936 1891 1123 1974; x_wconf 85' lang='lat' dir='ltr'><strong>plerumque¹</strong></span> <span class='ocrx_word' id='word_1_114' title='bbox 1136 1892 1289 1954; x_wconf 88' lang='lat' dir='ltr'><strong>volumine</strong></span> <span class='ocrx_word' id='word_1_115' title='bbox 1312 1899 1413 1970; x_wconf 91' lang='lat' dir='ltr'><strong>aucta,</strong></span> <span class='ocrx_word' id='word_1_116' title='bbox 1441 1901 1542 1974; x_wconf 90' lang='lat' dir='ltr'><strong>partes</strong></span> <span class='ocrx_word' id='word_1_117' title='bbox 1571 1894 1774 1958; x_wconf 84' lang='lat' dir='ltr'><strong>conterminae</strong></span> 
     </span>
     <span class='ocr_line' id='line_1_12' title="bbox 170 2014 1097 2100; baseline 0 -22"><span class='ocrx_word' id='word_1_118' title='bbox 170 2017 305 2100; x_wconf 83' lang='lat' dir='ltr'><strong>alioquin</strong></span> <span class='ocrx_word' id='word_1_119' title='bbox 327 2035 427 2092; x_wconf 88' lang='lat' dir='ltr'><strong>sanae,</strong></span> <span class='ocrx_word' id='word_1_120' title='bbox 451 2014 595 2078; x_wconf 86' lang='lat' dir='ltr'><strong>articulus</strong></span> <span class='ocrx_word' id='word_1_121' title='bbox 618 2015 762 2078; x_wconf 79' lang='lat' dir='ltr'><strong>firaitimus</strong></span> <span class='ocrx_word' id='word_1_122' title='bbox 782 2016 864 2078; x_wconf 91' lang='lat' dir='ltr'><strong>baud</strong></span> <span class='ocrx_word' id='word_1_123' title='bbox 888 2021 1097 2078; x_wconf 89' lang='lat' dir='ltr'><strong>commutatus.</strong></span> 
     </span>
    </p>

    <p class='ocr_par' dir='ltr' id='par_1_4' title="bbox 169 2137 1773 2840">
     <span class='ocr_line' id='line_1_13' title="bbox 328 2137 1773 2224; baseline 0.001 -22"><span class='ocrx_word' id='word_1_124' title='bbox 328 2140 416 2202; x_wconf 87' lang='lat' dir='ltr'><strong>Bell</strong></span> <span class='ocrx_word' id='word_1_125' title='bbox 439 2137 493 2224; x_wconf 90' lang='lat' dir='ltr'><strong>(l)</strong></span> <span class='ocrx_word' id='word_1_126' title='bbox 520 2138 649 2206; x_wconf 89' lang='lat' dir='ltr'><strong>similem</strong></span> <span class='ocrx_word' id='word_1_127' title='bbox 678 2145 827 2202; x_wconf 90' lang='lat' dir='ltr'><strong>tumorem</strong></span> <span class='ocrx_word' id='word_1_128' title='bbox 855 2139 1028 2210; x_wconf 73' lang='lat' dir='ltr'><strong>observavit</strong></span> <span class='ocrx_word' id='word_1_129' title='bbox 1054 2139 1087 2202; x_wconf 91' lang='lat' dir='ltr'><strong>in</strong></span> <span class='ocrx_word' id='word_1_130' title='bbox 1116 2139 1254 2216; x_wconf 87' lang='lat' dir='ltr'><strong>brachio,</strong></span> <span class='ocrx_word' id='word_1_131' title='bbox 1293 2141 1344 2222; x_wconf 80' lang='lat' dir='ltr'><strong>qni</strong></span> <span class='ocrx_word' id='word_1_132' title='bbox 1383 2142 1630 2205; x_wconf 83' lang='lat' dir='ltr'><strong>exarticnletione</strong></span> <span class='ocrx_word' id='word_1_133' title='bbox 1656 2143 1773 2206; x_wconf 86' lang='lat' dir='ltr'><strong>humeri</strong></span> 
     </span>
     <span class='ocr_line' id='line_1_14' title="bbox 170 2262 1772 2346; baseline 0 -18"><span class='ocrx_word' id='word_1_134' title='bbox 170 2265 295 2328; x_wconf 83' lang='lat' dir='ltr'><strong>feliciter</strong></span> <span class='ocrx_word' id='word_1_135' title='bbox 316 2269 438 2328; x_wconf 86' lang='lat' dir='ltr'><strong>sanatus</strong></span> <span class='ocrx_word' id='word_1_136' title='bbox 456 2269 513 2326; x_wconf 88' lang='lat' dir='ltr'><strong>est.</strong></span> <span class='ocrx_word' id='word_1_137' title='bbox 560 2265 675 2325; x_wconf 86' lang='lat' dir='ltr'><strong>Tumor</strong></span> <span class='ocrx_word' id='word_1_138' title='bbox 696 2262 765 2326; x_wconf 87' lang='lat' dir='ltr'><strong>solo</strong></span> <span class='ocrx_word' id='word_1_139' title='bbox 789 2281 859 2326; x_wconf 87' lang='lat' dir='ltr'><strong>osse</strong></span> <span class='ocrx_word' id='word_1_140' title='bbox 882 2263 1092 2325; x_wconf 86' lang='lat' dir='ltr'><strong>continebatur</strong></span> <span class='ocrx_word' id='word_1_141' title='bbox 1114 2269 1203 2344; x_wconf 87' lang='lat' dir='ltr'><strong>atque</strong></span> <span class='ocrx_word' id='word_1_142' title='bbox 1227 2263 1334 2326; x_wconf 90' lang='lat' dir='ltr'><strong>ablatis</strong></span> <span class='ocrx_word' id='word_1_143' title='bbox 1356 2265 1491 2346; x_wconf 88' lang='lat' dir='ltr'><strong>partibus</strong></span> <span class='ocrx_word' id='word_1_144' title='bbox 1508 2265 1651 2330; x_wconf 83' lang='lat' dir='ltr'><strong>mollibus</strong></span> <span class='ocrx_word' id='word_1_145' title='bbox 1662 2287 1772 2330; x_wconf 90' lang='lat' dir='ltr'><strong>novem</strong></span> 
     </span>
     <span class='ocr_line' id='line_1_15' title="bbox 171 2387 1772 2472; baseline 0.001 -20"><span class='ocrx_word' id='word_1_146' title='bbox 171 2391 280 2472; x_wconf 78' lang='lat' dir='ltr'><strong>digitos</strong></span> <span class='ocrx_word' id='word_1_147' title='bbox 302 2389 413 2452; x_wconf 90' lang='lat' dir='ltr'><strong>ambitu</strong></span> <span class='ocrx_word' id='word_1_148' title='bbox 436 2387 598 2465; x_wconf 85' lang='lat' dir='ltr'><strong>efficiebat,</strong></span> <span class='ocrx_word' id='word_1_149' title='bbox 625 2387 810 2468; x_wconf 87' lang='lat' dir='ltr'><strong>periouteum</strong></span> <span class='ocrx_word' id='word_1_150' title='bbox 830 2387 980 2467; x_wconf 89' lang='lat' dir='ltr'><strong>integrum</strong></span> <span class='ocrx_word' id='word_1_151' title='bbox 1003 2395 1081 2464; x_wconf 89' lang='lat' dir='ltr'><strong>erat,</strong></span> <span class='ocrx_word' id='word_1_152' title='bbox 1103 2388 1157 2450; x_wconf 88' lang='lat' dir='ltr'><strong>scd</strong></span> <span class='ocrx_word' id='word_1_153' title='bbox 1180 2387 1310 2450; x_wconf 86' lang='lat' dir='ltr'><strong>crassius</strong></span> <span class='ocrx_word' id='word_1_154' title='bbox 1332 2389 1459 2464; x_wconf 75' lang='lat' dir='ltr'><strong>iactrrm3</strong></span> <span class='ocrx_word' id='word_1_155' title='bbox 1491 2409 1529 2452; x_wconf 88' lang='lat' dir='ltr'><strong>os</strong></span> <span class='ocrx_word' id='word_1_156' title='bbox 1557 2390 1599 2452; x_wconf 89' lang='lat' dir='ltr'><strong>ita</strong></span> <span class='ocrx_word' id='word_1_157' title='bbox 1629 2390 1772 2468; x_wconf 87' lang='lat' dir='ltr'><strong>inflatum,</strong></span> 
     </span>
     <span class='ocr_line' id='line_1_16' title="bbox 169 2511 1772 2592; baseline -0.001 -14"><span class='ocrx_word' id='word_1_158' title='bbox 169 2523 204 2578; x_wconf 90' lang='lat' dir='ltr'><strong>ut</strong></span> <span class='ocrx_word' id='word_1_159' title='bbox 223 2521 344 2578; x_wconf 90' lang='lat' dir='ltr'><strong>tenuem</strong></span> <span class='ocrx_word' id='word_1_160' title='bbox 372 2519 493 2588; x_wconf 86' lang='lat' dir='ltr'><strong>testam,</strong></span> <span class='ocrx_word' id='word_1_161' title='bbox 520 2531 584 2574; x_wconf 92' lang='lat' dir='ltr'><strong>non</strong></span> <span class='ocrx_word' id='word_1_162' title='bbox 612 2511 745 2592; x_wconf 92' lang='lat' dir='ltr'><strong>undique</strong></span> <span class='ocrx_word' id='word_1_163' title='bbox 772 2511 905 2575; x_wconf 89' lang='lat' dir='ltr'><strong>clausam</strong></span> <span class='ocrx_word' id='word_1_164' title='bbox 934 2514 1073 2589; x_wconf 82' lang='lat' dir='ltr'><strong>referret,</strong></span> <span class='ocrx_word' id='word_1_165' title='bbox 1100 2512 1232 2592; x_wconf 89' lang='lat' dir='ltr'><strong>amplam</strong></span> <span class='ocrx_word' id='word_1_166' title='bbox 1260 2511 1420 2592; x_wconf 84' lang='lat' dir='ltr'><strong>effingebat</strong></span> <span class='ocrx_word' id='word_1_167' title='bbox 1450 2533 1571 2592; x_wconf 87' lang='lat' dir='ltr'><strong>cavum,</strong></span> <span class='ocrx_word' id='word_1_168' title='bbox 1599 2514 1772 2578; x_wconf 87' lang='lat' dir='ltr'><strong>membrana</strong></span> 
     </span>
     <span class='ocr_line' id='line_1_17' title="bbox 169 2634 1772 2720; baseline -0.001 -16"><span class='ocrx_word' id='word_1_169' title='bbox 169 2645 320 2704; x_wconf 72' lang='lat' dir='ltr'><strong>sanctam</strong></span> <span class='ocrx_word' id='word_1_170' title='bbox 342 2637 488 2718; x_wconf 86' lang='lat' dir='ltr'><strong>organica</strong></span> <span class='ocrx_word' id='word_1_171' title='bbox 506 2634 641 2716; x_wconf 86' lang='lat' dir='ltr'><strong>praedita</strong></span> <span class='ocrx_word' id='word_1_172' title='bbox 664 2634 837 2698; x_wconf 90' lang='lat' dir='ltr'><strong>obvelatum</strong></span> <span class='ocrx_word' id='word_1_173' title='bbox 865 2643 955 2716; x_wconf 89' lang='lat' dir='ltr'><strong>atque</strong></span> <span class='ocrx_word' id='word_1_174' title='bbox 984 2637 1093 2716; x_wconf 87' lang='lat' dir='ltr'><strong>partim</strong></span> <span class='ocrx_word' id='word_1_175' title='bbox 1116 2636 1260 2714; x_wconf 88' lang='lat' dir='ltr'><strong>sanguine</strong></span> <span class='ocrx_word' id='word_1_176' title='bbox 1289 2637 1383 2699; x_wconf 85' lang='lat' dir='ltr'><strong>fluido</strong></span> <span class='ocrx_word' id='word_1_177' title='bbox 1406 2637 1520 2702; x_wconf 84' lang='lat' dir='ltr'><strong>coloris</strong></span> <span class='ocrx_word' id='word_1_178' title='bbox 1543 2640 1633 2716; x_wconf 83' lang='lat' dir='ltr'><strong>lusci,</strong></span> <span class='ocrx_word' id='word_1_179' title='bbox 1662 2639 1772 2720; x_wconf 89' lang='lat' dir='ltr'><strong>partim</strong></span> 
     </span>
     <span class='ocr_line' id='line_1_18' title="bbox 169 2759 1236 2840; baseline -0.007 -12"><span class='ocrx_word' id='word_1_180' title='bbox 169 2765 271 2828; x_wconf 86' lang='lat' dir='ltr'><strong>stratis</strong></span> <span class='ocrx_word' id='word_1_181' title='bbox 294 2761 443 2826; x_wconf 87' lang='lat' dir='ltr'><strong>concretis</strong></span> <span class='ocrx_word' id='word_1_182' title='bbox 467 2759 672 2834; x_wconf 88' lang='lat' dir='ltr'><strong>concentricis,</strong></span> <span class='ocrx_word' id='word_1_183' title='bbox 696 2759 804 2840; x_wconf 87' lang='lat' dir='ltr'><strong>partim</strong></span> <span class='ocrx_word' id='word_1_184' title='bbox 824 2777 925 2820; x_wconf 87' lang='lat' dir='ltr'><strong>massa</strong></span> <span class='ocrx_word' id='word_1_185' title='bbox 947 2760 1058 2837; x_wconf 86' lang='lat' dir='ltr'><strong>injecta</strong></span> <span class='ocrx_word' id='word_1_186' title='bbox 1080 2759 1236 2838; x_wconf 89' lang='lat' dir='ltr'><strong>repletum.</strong></span> 
     </span>
    </p>

    <p class='ocr_par' dir='ltr' id='par_1_5' title="bbox 169 2851 1772 4334">
     <span class='ocr_line' id='line_1_19' title="bbox 329 2851 1771 2965; baseline 0 -17"><span class='ocrx_word' id='word_1_187' title='bbox 329 2887 370 2959; x_wconf 85' lang='lat' dir='ltr'><strong>Ut</strong></span> <span class='ocrx_word' id='word_1_188' title='bbox 391 2883 487 2965; x_wconf 87' lang='lat' dir='ltr'><strong>probe</strong></span> <span class='ocrx_word' id='word_1_189' title='bbox 509 2885 616 2946; x_wconf 90' lang='lat' dir='ltr'><strong>borum</strong></span> <span class='ocrx_word' id='word_1_190' title='bbox 637 2888 790 2945; x_wconf 83' lang='lat' dir='ltr'><strong>tumorum</strong></span> <span class='ocrx_word' id='word_1_191' title='bbox 812 2881 961 2962; x_wconf 89' lang='lat' dir='ltr'><strong>intelligas</strong></span> <span class='ocrx_word' id='word_1_192' title='bbox 983 2851 1129 2958; x_wconf 78' lang='lat' dir='ltr'><strong>namnam,</strong></span> <span class='ocrx_word' id='word_1_193' title='bbox 1150 2883 1210 2944; x_wconf 90' lang='lat' dir='ltr'><strong>boc</strong></span> <span class='ocrx_word' id='word_1_194' title='bbox 1232 2881 1359 2944; x_wconf 69' lang='lat' dir='ltr'><strong>mammo</strong></span> <span class='ocrx_word' id='word_1_195' title='bbox 1382 2882 1413 2944; x_wconf 89' lang='lat' dir='ltr'><strong>in</strong></span> <span class='ocrx_word' id='word_1_196' title='bbox 1440 2885 1616 2947; x_wconf 89' lang='lat' dir='ltr'><strong>memoriam</strong></span> <span class='ocrx_word' id='word_1_197' title='bbox 1644 2887 1771 2948; x_wconf 89' lang='lat' dir='ltr'><strong>reducas</strong></span> 
     </span>
     <span class='ocr_line' id='line_1_20' title="bbox 169 3007 1772 3090; baseline -0.001 -16"><span class='ocrx_word' id='word_1_198' title='bbox 169 3031 295 3075; x_wconf 82' lang='lat' dir='ltr'><strong>necesse</strong></span> <span class='ocrx_word' id='word_1_199' title='bbox 317 3016 370 3086; x_wconf 85' lang='lat' dir='ltr'><strong>est,</strong></span> <span class='ocrx_word' id='word_1_200' title='bbox 393 3014 515 3089; x_wconf 88' lang='lat' dir='ltr'><strong>praeter</strong></span> <span class='ocrx_word' id='word_1_201' title='bbox 536 3015 674 3070; x_wconf 88' lang='lat' dir='ltr'><strong>truncum</strong></span> <span class='ocrx_word' id='word_1_202' title='bbox 696 3025 823 3086; x_wconf 90' lang='lat' dir='ltr'><strong>magnae</strong></span> <span class='ocrx_word' id='word_1_203' title='bbox 846 3007 972 3069; x_wconf 85' lang='lat' dir='ltr'><strong>arteriae</strong></span> <span class='ocrx_word' id='word_1_204' title='bbox 994 3007 1135 3068; x_wconf 84' lang='lat' dir='ltr'><strong>nutritiae</strong></span> <span class='ocrx_word' id='word_1_205' title='bbox 1157 3009 1271 3070; x_wconf 91' lang='lat' dir='ltr'><strong>ossium</strong></span> <span class='ocrx_word' id='word_1_206' title='bbox 1292 3007 1463 3088; x_wconf 90' lang='lat' dir='ltr'><strong>longorum,</strong></span> <span class='ocrx_word' id='word_1_207' title='bbox 1485 3028 1564 3090; x_wconf 84' lang='lat' dir='ltr'><strong>quae</strong></span> <span class='ocrx_word' id='word_1_208' title='bbox 1581 3009 1772 3088; x_wconf 86' lang='lat' dir='ltr'><strong>inomnibus,</strong></span> 
     </span>
     <span class='ocr_line' id='line_1_21' title="bbox 170 3131 1770 3220; baseline 0 -22"><span class='ocrx_word' id='word_1_209' title='bbox 170 3155 248 3220; x_wconf 90' lang='lat' dir='ltr'><strong>quae</strong></span> <span class='ocrx_word' id='word_1_210' title='bbox 270 3134 368 3212; x_wconf 87' lang='lat' dir='ltr'><strong>attuli,</strong></span> <span class='ocrx_word' id='word_1_211' title='bbox 397 3131 553 3213; x_wconf 87' lang='lat' dir='ltr'><strong>exemplis,</strong></span> <span class='ocrx_word' id='word_1_212' title='bbox 584 3131 671 3194; x_wconf 88' lang='lat' dir='ltr'><strong>sedes</strong></span> <span class='ocrx_word' id='word_1_213' title='bbox 693 3131 791 3194; x_wconf 91' lang='lat' dir='ltr'><strong>morbi</strong></span> <span class='ocrx_word' id='word_1_214' title='bbox 812 3150 876 3193; x_wconf 95' lang='lat' dir='ltr'><strong>non</strong></span> <span class='ocrx_word' id='word_1_215' title='bbox 899 3137 971 3206; x_wconf 82' lang='lat' dir='ltr'><strong>erat,</strong></span> <span class='ocrx_word' id='word_1_216' title='bbox 992 3131 1110 3192; x_wconf 91' lang='lat' dir='ltr'><strong>nullum</strong></span> <span class='ocrx_word' id='word_1_217' title='bbox 1131 3151 1193 3208; x_wconf 89' lang='lat' dir='ltr'><strong>vas,</strong></span> <span class='ocrx_word' id='word_1_218' title='bbox 1216 3133 1299 3214; x_wconf 90' lang='lat' dir='ltr'><strong>quod</strong></span> <span class='ocrx_word' id='word_1_219' title='bbox 1322 3133 1442 3216; x_wconf 87' lang='lat' dir='ltr'><strong>quidem</strong></span> <span class='ocrx_word' id='word_1_220' title='bbox 1465 3132 1611 3214; x_wconf 91' lang='lat' dir='ltr'><strong>ampliore</strong></span> <span class='ocrx_word' id='word_1_221' title='bbox 1640 3133 1679 3196; x_wconf 90' lang='lat' dir='ltr'><strong>sit</strong></span> <span class='ocrx_word' id='word_1_222' title='bbox 1707 3155 1770 3198; x_wconf 88' lang='lat' dir='ltr'><strong>am-</strong></span> 
     </span>
     <span class='ocr_line' id='line_1_22' title="bbox 169 3253 1769 3336; baseline 0 -14"><span class='ocrx_word' id='word_1_223' title='bbox 169 3261 241 3336; x_wconf 92' lang='lat' dir='ltr'><strong>bitu,</strong></span> <span class='ocrx_word' id='word_1_224' title='bbox 263 3261 294 3321; x_wconf 92' lang='lat' dir='ltr'><strong>in</strong></span> <span class='ocrx_word' id='word_1_225' title='bbox 317 3258 436 3322; x_wconf 88' lang='lat' dir='ltr'><strong>ossibus</strong></span> <span class='ocrx_word' id='word_1_226' title='bbox 459 3275 634 3326; x_wconf 86' lang='lat' dir='ltr'><strong>occurrere;</strong></span> <span class='ocrx_word' id='word_1_227' title='bbox 657 3275 692 3316; x_wconf 92' lang='lat' dir='ltr'><strong>ac</strong></span> <span class='ocrx_word' id='word_1_228' title='bbox 714 3255 843 3316; x_wconf 86' lang='lat' dir='ltr'><strong>maxime</strong></span> <span class='ocrx_word' id='word_1_229' title='bbox 866 3253 1061 3316; x_wconf 82' lang='lat' dir='ltr'><strong>substantiam</strong></span> <span class='ocrx_word' id='word_1_230' title='bbox 1083 3258 1277 3336; x_wconf 89' lang='lat' dir='ltr'><strong>spongiosam</strong></span> <span class='ocrx_word' id='word_1_231' title='bbox 1305 3263 1369 3320; x_wconf 88' lang='lat' dir='ltr'><strong>rete</strong></span> <span class='ocrx_word' id='word_1_232' title='bbox 1399 3259 1605 3321; x_wconf 81' lang='lat' dir='ltr'><strong>anummodo</strong></span> <span class='ocrx_word' id='word_1_233' title='bbox 1635 3259 1769 3322; x_wconf 88' lang='lat' dir='ltr'><strong>subtilis-</strong></span> 
     </span>
     <span class='ocr_line' id='line_1_23' title="bbox 172 3377 1771 3464; baseline -0.001 -17"><span class='ocrx_word' id='word_1_234' title='bbox 172 3385 263 3461; x_wconf 86' lang='lat' dir='ltr'><strong>simo,</strong></span> <span class='ocrx_word' id='word_1_235' title='bbox 291 3385 323 3445; x_wconf 92' lang='lat' dir='ltr'><strong>in</strong></span> <span class='ocrx_word' id='word_1_236' title='bbox 350 3383 412 3446; x_wconf 88' lang='lat' dir='ltr'><strong>tela</strong></span> <span class='ocrx_word' id='word_1_237' title='bbox 441 3381 600 3443; x_wconf 90' lang='lat' dir='ltr'><strong>medullari</strong></span> <span class='ocrx_word' id='word_1_238' title='bbox 622 3397 770 3460; x_wconf 90' lang='lat' dir='ltr'><strong>suspenso</strong></span> <span class='ocrx_word' id='word_1_239' title='bbox 793 3377 908 3459; x_wconf 79' lang='lat' dir='ltr'><strong>traJ&#39;ici,</strong></span> <span class='ocrx_word' id='word_1_240' title='bbox 937 3379 1048 3460; x_wconf 90' lang='lat' dir='ltr'><strong>qnippe</strong></span> <span class='ocrx_word' id='word_1_241' title='bbox 1071 3381 1203 3457; x_wconf 89' lang='lat' dir='ltr'><strong>arteriis,</strong></span> <span class='ocrx_word' id='word_1_242' title='bbox 1233 3401 1310 3464; x_wconf 88' lang='lat' dir='ltr'><strong>quae</strong></span> <span class='ocrx_word' id='word_1_243' title='bbox 1332 3402 1352 3445; x_wconf 85' lang='lat' dir='ltr'><strong>a</strong></span> <span class='ocrx_word' id='word_1_244' title='bbox 1374 3383 1532 3464; x_wconf 79' lang='lat' dir='ltr'><strong>superlicio</strong></span> <span class='ocrx_word' id='word_1_245' title='bbox 1555 3383 1771 3464; x_wconf 88' lang='lat' dir='ltr'><strong>ingrediuntur,</strong></span> 
     </span>
     <span class='ocr_line' id='line_1_24' title="bbox 172 3502 1770 3590; baseline 0 -20"><span class='ocrx_word' id='word_1_246' title='bbox 172 3507 298 3572; x_wconf 87' lang='lat' dir='ltr'><strong>simulac</strong></span> <span class='ocrx_word' id='word_1_247' title='bbox 319 3509 474 3582; x_wconf 85' lang='lat' dir='ltr'><strong>intrarant,</strong></span> <span class='ocrx_word' id='word_1_248' title='bbox 497 3505 596 3568; x_wconf 88' lang='lat' dir='ltr'><strong>statim</strong></span> <span class='ocrx_word' id='word_1_249' title='bbox 619 3505 649 3566; x_wconf 92' lang='lat' dir='ltr'><strong>in</strong></span> <span class='ocrx_word' id='word_1_250' title='bbox 673 3503 807 3565; x_wconf 89' lang='lat' dir='ltr'><strong>ramulos</strong></span> <span class='ocrx_word' id='word_1_251' title='bbox 830 3502 1040 3566; x_wconf 90' lang='lat' dir='ltr'><strong>subtilissimos</strong></span> <span class='ocrx_word' id='word_1_252' title='bbox 1063 3505 1302 3568; x_wconf 89' lang='lat' dir='ltr'><strong>secendcntibus.</strong></span> <span class='ocrx_word' id='word_1_253' title='bbox 1346 3507 1451 3590; x_wconf 89' lang='lat' dir='ltr'><strong>ltaque</strong></span> <span class='ocrx_word' id='word_1_254' title='bbox 1473 3509 1547 3568; x_wconf 89' lang='lat' dir='ltr'><strong>baec</strong></span> <span class='ocrx_word' id='word_1_255' title='bbox 1560 3515 1770 3589; x_wconf 88' lang='lat' dir='ltr'><strong>aneurysmata</strong></span> 
     </span>
     <span class='ocr_line' id='line_1_25' title="bbox 169 3628 1769 3713; baseline -0.001 -17"><span class='ocrx_word' id='word_1_256' title='bbox 169 3651 233 3696; x_wconf 89' lang='lat' dir='ltr'><strong>uon</strong></span> <span class='ocrx_word' id='word_1_257' title='bbox 255 3632 314 3694; x_wconf 86' lang='lat' dir='ltr'><strong>alia</strong></span> <span class='ocrx_word' id='word_1_258' title='bbox 335 3651 424 3713; x_wconf 90' lang='lat' dir='ltr'><strong>quam</strong></span> <span class='ocrx_word' id='word_1_259' title='bbox 446 3629 662 3692; x_wconf 87' lang='lat' dir='ltr'><strong>anastomotica</strong></span> <span class='ocrx_word' id='word_1_260' title='bbox 684 3647 750 3690; x_wconf 88' lang='lat' dir='ltr'><strong>esse</strong></span> <span class='ocrx_word' id='word_1_261' title='bbox 772 3635 915 3708; x_wconf 87' lang='lat' dir='ltr'><strong>possunt,</strong></span> <span class='ocrx_word' id='word_1_262' title='bbox 943 3628 972 3689; x_wconf 88' lang='lat' dir='ltr'><strong>b.</strong></span> <span class='ocrx_word' id='word_1_263' title='bbox 996 3648 1022 3688; x_wconf 88' lang='lat' dir='ltr'><strong>e.</strong></span> <span class='ocrx_word' id='word_1_264' title='bbox 1044 3629 1144 3708; x_wconf 88' lang='lat' dir='ltr'><strong>posita</strong></span> <span class='ocrx_word' id='word_1_265' title='bbox 1173 3633 1242 3691; x_wconf 89' lang='lat' dir='ltr'><strong>sunt</strong></span> <span class='ocrx_word' id='word_1_266' title='bbox 1273 3629 1303 3691; x_wconf 90' lang='lat' dir='ltr'><strong>in</strong></span> <span class='ocrx_word' id='word_1_267' title='bbox 1327 3630 1499 3694; x_wconf 85' lang='lat' dir='ltr'><strong>dilatatione</strong></span> <span class='ocrx_word' id='word_1_268' title='bbox 1523 3631 1613 3694; x_wconf 88' lang='lat' dir='ltr'><strong>totius</strong></span> <span class='ocrx_word' id='word_1_269' title='bbox 1636 3633 1769 3713; x_wconf 90' lang='lat' dir='ltr'><strong>comple-</strong></span> 
     </span>
     <span class='ocr_line' id='line_1_26' title="bbox 170 3752 1771 3844; baseline 0.001 -27"><span class='ocrx_word' id='word_1_270' title='bbox 170 3775 229 3819; x_wconf 88' lang='lat' dir='ltr'><strong>xus</strong></span> <span class='ocrx_word' id='word_1_271' title='bbox 252 3756 468 3844; x_wconf 76' lang='lat' dir='ltr'><strong>arteriolarum,</strong></span> <span class='ocrx_word' id='word_1_272' title='bbox 490 3773 551 3836; x_wconf 90' lang='lat' dir='ltr'><strong>qua</strong></span> <span class='ocrx_word' id='word_1_273' title='bbox 573 3752 760 3832; x_wconf 89' lang='lat' dir='ltr'><strong>singulorum</strong></span> <span class='ocrx_word' id='word_1_274' title='bbox 782 3769 925 3812; x_wconf 87' lang='lat' dir='ltr'><strong>vasorum</strong></span> <span class='ocrx_word' id='word_1_275' title='bbox 947 3757 1126 3830; x_wconf 90' lang='lat' dir='ltr'><strong>rumpuntur</strong></span> <span class='ocrx_word' id='word_1_276' title='bbox 1148 3752 1294 3832; x_wconf 65' lang='lat' dir='ltr'><strong>parietem</strong></span> <span class='ocrx_word' id='word_1_277' title='bbox 1323 3753 1406 3834; x_wconf 92' lang='lat' dir='ltr'><strong>quod</strong></span> <span class='ocrx_word' id='word_1_278' title='bbox 1429 3754 1460 3814; x_wconf 87' lang='lat' dir='ltr'><strong>ni</strong></span> <span class='ocrx_word' id='word_1_279' title='bbox 1484 3754 1525 3814; x_wconf 91' lang='lat' dir='ltr'><strong>ita</strong></span> <span class='ocrx_word' id='word_1_280' title='bbox 1548 3762 1641 3828; x_wconf 87' lang='lat' dir='ltr'><strong>esset,</strong></span> <span class='ocrx_word' id='word_1_281' title='bbox 1670 3763 1771 3818; x_wconf 82' lang='lat' dir='ltr'><strong>trrmor</strong></span> 
     </span>
     <span class='ocr_line' id='line_1_27' title="bbox 171 3853 1767 3958; baseline -0.002 -15"><span class='ocrx_word' id='word_1_282' title='bbox 171 3883 202 3943; x_wconf 92' lang='lat' dir='ltr'><strong>in</strong></span> <span class='ocrx_word' id='word_1_283' title='bbox 225 3879 277 3942; x_wconf 87' lang='lat' dir='ltr'><strong>tali</strong></span> <span class='ocrx_word' id='word_1_284' title='bbox 299 3853 441 3942; x_wconf 89' lang='lat' dir='ltr'><strong>vasorum</strong></span> <span class='ocrx_word' id='word_1_285' title='bbox 464 3877 635 3941; x_wconf 90' lang='lat' dir='ltr'><strong>conditione</strong></span> <span class='ocrx_word' id='word_1_286' title='bbox 663 3891 756 3936; x_wconf 91' lang='lat' dir='ltr'><strong>unum</strong></span> <span class='ocrx_word' id='word_1_287' title='bbox 787 3893 893 3936; x_wconf 89' lang='lat' dir='ltr'><strong>cavum</strong></span> <span class='ocrx_word' id='word_1_288' title='bbox 916 3873 1057 3952; x_wconf 82' lang='lat' dir='ltr'><strong>effingere</strong></span> <span class='ocrx_word' id='word_1_289' title='bbox 1087 3892 1150 3936; x_wconf 91' lang='lat' dir='ltr'><strong>non</strong></span> <span class='ocrx_word' id='word_1_290' title='bbox 1179 3875 1334 3955; x_wconf 85' lang='lat' dir='ltr'><strong>potuisset.</strong></span> <span class='ocrx_word' id='word_1_291' title='bbox 1381 3877 1480 3938; x_wconf 90' lang='lat' dir='ltr'><strong>Unum</strong></span> <span class='ocrx_word' id='word_1_292' title='bbox 1502 3875 1577 3938; x_wconf 91' lang='lat' dir='ltr'><strong>illud</strong></span> <span class='ocrx_word' id='word_1_293' title='bbox 1605 3897 1767 3958; x_wconf 89' lang='lat' dir='ltr'><strong>praepara-</strong></span> 
     </span>
     <span class='ocr_line' id='line_1_28' title="bbox 171 3999 1767 4086; baseline 0 -20"><span class='ocrx_word' id='word_1_294' title='bbox 171 4013 242 4082; x_wconf 88' lang='lat' dir='ltr'><strong>tum,</strong></span> <span class='ocrx_word' id='word_1_295' title='bbox 265 4005 348 4086; x_wconf 91' lang='lat' dir='ltr'><strong>quod</strong></span> <span class='ocrx_word' id='word_1_296' title='bbox 369 4004 455 4066; x_wconf 90' lang='lat' dir='ltr'><strong>Bell</strong></span> <span class='ocrx_word' id='word_1_297' title='bbox 479 4002 534 4086; x_wconf 79' lang='lat'>(¹2)</span> <span class='ocrx_word' id='word_1_298' title='bbox 557 4000 801 4064; x_wconf 89' lang='lat' dir='ltr'><strong>commemoravit</strong></span> <span class='ocrx_word' id='word_1_299' title='bbox 823 4005 912 4080; x_wconf 91' lang='lat' dir='ltr'><strong>atque</strong></span> <span class='ocrx_word' id='word_1_300' title='bbox 936 4017 1116 4078; x_wconf 85' lang='lat' dir='ltr'><strong>anenrysma</strong></span> <span class='ocrx_word' id='word_1_301' title='bbox 1139 3999 1216 4062; x_wconf 86' lang='lat' dir='ltr'><strong>ossis</strong></span> <span class='ocrx_word' id='word_1_302' title='bbox 1240 3999 1331 4062; x_wconf 75' lang='lat' dir='ltr'><strong>iuime</strong></span> <span class='ocrx_word' id='word_1_303' title='bbox 1355 4009 1471 4076; x_wconf 89' lang='lat' dir='ltr'><strong>censet,</strong></span> <span class='ocrx_word' id='word_1_304' title='bbox 1502 4009 1534 4062; x_wconf 91' lang='lat' dir='ltr'><strong>et</strong></span> <span class='ocrx_word' id='word_1_305' title='bbox 1560 4001 1591 4062; x_wconf 90' lang='lat' dir='ltr'><strong>in</strong></span> <span class='ocrx_word' id='word_1_306' title='bbox 1614 4022 1676 4085; x_wconf 90' lang='lat' dir='ltr'><strong>quo</strong></span> <span class='ocrx_word' id='word_1_307' title='bbox 1698 4023 1767 4066; x_wconf 91' lang='lat' dir='ltr'><strong>san-</strong></span> 
     </span>
     <span class='ocr_line' id='line_1_29' title="bbox 171 4123 1767 4208; baseline -0.001 -18"><span class='ocrx_word' id='word_1_308' title='bbox 171 4130 239 4208; x_wconf 89' lang='lat' dir='ltr'><strong>guis</strong></span> <span class='ocrx_word' id='word_1_309' title='bbox 259 4129 360 4192; x_wconf 90' lang='lat' dir='ltr'><strong>multis</strong></span> <span class='ocrx_word' id='word_1_310' title='bbox 383 4127 479 4192; x_wconf 86' lang='lat' dir='ltr'><strong>saccis</strong></span> <span class='ocrx_word' id='word_1_311' title='bbox 502 4126 606 4202; x_wconf 88' lang='lat' dir='ltr'><strong>osseis,</strong></span> <span class='ocrx_word' id='word_1_312' title='bbox 627 4125 800 4186; x_wconf 85' lang='lat' dir='ltr'><strong>membrana</strong></span> <span class='ocrx_word' id='word_1_313' title='bbox 821 4123 901 4186; x_wconf 90' lang='lat' dir='ltr'><strong>vasis</strong></span> <span class='ocrx_word' id='word_1_314' title='bbox 925 4123 1095 4185; x_wconf 86' lang='lat' dir='ltr'><strong>abundante</strong></span> <span class='ocrx_word' id='word_1_315' title='bbox 1113 4123 1263 4186; x_wconf 85' lang='lat' dir='ltr'><strong>instructis</strong></span> <span class='ocrx_word' id='word_1_316' title='bbox 1285 4124 1501 4202; x_wconf 87' lang='lat' dir='ltr'><strong>continebatur,</strong></span> <span class='ocrx_word' id='word_1_317' title='bbox 1525 4131 1667 4208; x_wconf 87' lang='lat' dir='ltr'><strong>tanquam</strong></span> <span class='ocrx_word' id='word_1_318' title='bbox 1684 4129 1767 4208; x_wconf 90' lang='lat' dir='ltr'><strong>prin-</strong></span> 
     </span>
     <span class='ocr_line' id='line_1_30' title="bbox 173 4248 1386 4334; baseline -0.002 -20"><span class='ocrx_word' id='word_1_319' title='bbox 173 4253 251 4334; x_wconf 89' lang='lat' dir='ltr'><strong>cipia</strong></span> <span class='ocrx_word' id='word_1_320' title='bbox 274 4253 371 4316; x_wconf 93' lang='lat' dir='ltr'><strong>morbi</strong></span> <span class='ocrx_word' id='word_1_321' title='bbox 393 4253 528 4315; x_wconf 91' lang='lat' dir='ltr'><strong>nondum</strong></span> <span class='ocrx_word' id='word_1_322' title='bbox 552 4252 590 4313; x_wconf 89' lang='lat' dir='ltr'><strong>ad</strong></span> <span class='ocrx_word' id='word_1_323' title='bbox 613 4269 761 4314; x_wconf 89' lang='lat' dir='ltr'><strong>summum</strong></span> <span class='ocrx_word' id='word_1_324' title='bbox 783 4249 908 4328; x_wconf 86' lang='lat' dir='ltr'><strong>gradum</strong></span> <span class='ocrx_word' id='word_1_325' title='bbox 932 4248 1045 4312; x_wconf 91' lang='lat' dir='ltr'><strong>evoluti</strong></span> <span class='ocrx_word' id='word_1_326' title='bbox 1066 4248 1186 4310; x_wconf 88' lang='lat' dir='ltr'><strong>videtur</strong></span> <span class='ocrx_word' id='word_1_327' title='bbox 1205 4267 1386 4330; x_wconf 87' lang='lat' dir='ltr'><strong>proponere.</strong></span> 
     </span>
    </p>
   </div>
   <div class='ocr_carea' id='block_1_4' title="bbox 170 4516 1766 4759">
    <p class='ocr_par' dir='ltr' id='par_1_6' title="bbox 170 4516 1766 4759">
     <span class='ocr_line' id='line_1_31' title="bbox 332 4516 1764 4583; baseline 0 -15"><span class='ocrx_word' id='word_1_328' title='bbox 332 4517 370 4583; x_wconf 85' lang='lat'><strong>(1)</strong></span> <span class='ocrx_word' id='word_1_329' title='bbox 390 4521 483 4582; x_wconf 83' lang='lat' dir='ltr'><strong>llall,</strong></span> <span class='ocrx_word' id='word_1_330' title='bbox 501 4519 815 4570; x_wconf 78' lang='lat' dir='ltr'><strong>Knocbenlranlrbelten.</strong></span> <span class='ocrx_word' id='word_1_331' title='bbox 833 4533 859 4579; x_wconf 93' lang='lat' dir='ltr'><strong>p.</strong></span> <span class='ocrx_word' id='word_1_332' title='bbox 879 4516 941 4566; x_wconf 76' lang='grc'><strong>109.</strong></span> <span class='ocrx_word' id='word_1_333' title='bbox 982 4517 1088 4566; x_wconf 79' lang='lat' dir='ltr'><strong>Praeter</strong></span> <span class='ocrx_word' id='word_1_334' title='bbox 1110 4517 1182 4566; x_wconf 84' lang='lat' dir='ltr'><strong>bunc</strong></span> <span class='ocrx_word' id='word_1_335' title='bbox 1200 4531 1290 4566; x_wconf 79' lang='lat' dir='ltr'><strong>casum</strong></span> <span class='ocrx_word' id='word_1_336' title='bbox 1307 4517 1341 4566; x_wconf 86' lang='lat' dir='ltr'><strong>ab</strong></span> <span class='ocrx_word' id='word_1_337' title='bbox 1358 4520 1415 4581; x_wconf 81' lang='lat' dir='ltr'><strong>ipso</strong></span> <span class='ocrx_word' id='word_1_338' title='bbox 1433 4519 1599 4569; x_wconf 78' lang='lat' dir='ltr'><strong>observatum</strong></span> <span class='ocrx_word' id='word_1_339' title='bbox 1617 4521 1694 4568; x_wconf 84' lang='lat' dir='ltr'><strong>Bell</strong></span> <span class='ocrx_word' id='word_1_340' title='bbox 1714 4529 1764 4571; x_wconf 77' lang='lat' dir='ltr'><strong>tres</strong></span> 
     </span>
     <span class='ocr_line' id='line_1_32' title="bbox 170 4607 1766 4674; baseline -0.001 -12"><span class='ocrx_word' id='word_1_341' title='bbox 170 4617 299 4662; x_wconf 83' lang='lat' dir='ltr'><strong>memorat</strong></span> <span class='ocrx_word' id='word_1_342' title='bbox 316 4610 382 4658; x_wconf 79' lang='lat' dir='ltr'><strong>alios</strong></span> <span class='ocrx_word' id='word_1_343' title='bbox 400 4611 429 4657; x_wconf 91' lang='lat' dir='ltr'><strong>in</strong></span> <span class='ocrx_word' id='word_1_344' title='bbox 446 4609 566 4670; x_wconf 81' lang='lat' dir='ltr'><strong>pluribus</strong></span> <span class='ocrx_word' id='word_1_345' title='bbox 584 4611 682 4658; x_wconf 79' lang='lat' dir='ltr'><strong>muscia</strong></span> <span class='ocrx_word' id='word_1_346' title='bbox 700 4615 822 4672; x_wconf 81' lang='lat' dir='ltr'><strong>repertos,</strong></span> <span class='ocrx_word' id='word_1_347' title='bbox 841 4613 942 4670; x_wconf 80' lang='lat' dir='ltr'><strong>queret</strong></span> <span class='ocrx_word' id='word_1_348' title='bbox 959 4607 1029 4668; x_wconf 77' lang='lat' dir='ltr'><strong>ipsos</strong></span> <span class='ocrx_word' id='word_1_349' title='bbox 1047 4607 1100 4654; x_wconf 79' lang='lat' dir='ltr'><strong>lanc</strong></span> <span class='ocrx_word' id='word_1_350' title='bbox 1117 4607 1212 4667; x_wconf 65' lang='lat' dir='ltr'><strong>relenta</strong></span> <span class='ocrx_word' id='word_1_351' title='bbox 1232 4621 1341 4672; x_wconf 85' lang='lat' dir='ltr'><strong>quorum</strong></span> <span class='ocrx_word' id='word_1_352' title='bbox 1360 4607 1389 4656; x_wconf 87' lang='lat' dir='ltr'><strong>in</strong></span> <span class='ocrx_word' id='word_1_353' title='bbox 1410 4625 1463 4658; x_wconf 87' lang='lat' dir='ltr'><strong>uno</strong></span> <span class='ocrx_word' id='word_1_354' title='bbox 1480 4609 1591 4658; x_wconf 87' lang='lat' dir='ltr'><strong>durante</strong></span> <span class='ocrx_word' id='word_1_355' title='bbox 1610 4611 1662 4658; x_wconf 80' lang='lat' dir='ltr'><strong>vita</strong></span> <span class='ocrx_word' id='word_1_356' title='bbox 1679 4611 1766 4674; x_wconf 81' lang='lat' dir='ltr'><strong>pulsa·</strong></span> 
     </span>
     <span class='ocr_line' id='line_1_33' title="bbox 172 4697 935 4759; baseline -0.003 -11"><span class='ocrx_word' id='word_1_357' title='bbox 172 4703 271 4750; x_wconf 83' lang='lat' dir='ltr'><strong>tionem</strong></span> <span class='ocrx_word' id='word_1_358' title='bbox 290 4701 353 4746; x_wconf 81' lang='lat' dir='ltr'><strong>satis</strong></span> <span class='ocrx_word' id='word_1_359' title='bbox 370 4697 533 4748; x_wconf 82' lang='lat' dir='ltr'><strong>maniiestam</strong></span> <span class='ocrx_word' id='word_1_360' title='bbox 552 4705 698 4759; x_wconf 84' lang='lat' dir='ltr'><strong>perceptam</strong></span> <span class='ocrx_word' id='word_1_361' title='bbox 715 4697 797 4745; x_wconf 79' lang='lat' dir='ltr'><strong>luisse</strong></span> <span class='ocrx_word' id='word_1_362' title='bbox 816 4697 935 4746; x_wconf 80' lang='lat' dir='ltr'><strong>allirmul.</strong></span> 
     </span>
    </p>
   </div>
   <div class='ocr_carea' id='block_1_5' title="bbox 335 4781 697 4850">
    <p class='ocr_par' dir='ltr' id='par_1_7' title="bbox 335 4781 697 4850">
     <span class='ocr_line' id='line_1_34' title="bbox 335 4781 697 4850; baseline 0.003 -15"><span class='ocrx_word' id='word_1_363' title='bbox 335 4781 375 4850; x_wconf 78' lang='lat'><strong>(2)</strong></span> <span class='ocrx_word' id='word_1_364' title='bbox 393 4787 489 4848; x_wconf 86' lang='lat' dir='ltr'><strong>Bell,</strong></span> <span class='ocrx_word' id='word_1_365' title='bbox 507 4786 528 4838; x_wconf 86' lang='lat' dir='ltr'><strong>l.</strong></span> <span class='ocrx_word' id='word_1_366' title='bbox 547 4801 571 4834; x_wconf 84' lang='lat' dir='ltr'><strong>c.</strong></span> <span class='ocrx_word' id='word_1_367' title='bbox 590 4801 617 4848; x_wconf 88' lang='lat' dir='ltr'><strong>p.</strong></span> <span class='ocrx_word' id='word_1_368' title='bbox 636 4785 697 4836; x_wconf 87' lang='lat' dir='ltr'><strong>lll.</strong></span> 
     </span>
    </p>
   </div>
   <div class='ocr_carea' id='block_1_6' title="bbox 792 4951 1141 4984">
    <p class='ocr_par' dir='ltr' id='par_1_8' title="bbox 792 4951 1141 4984">
     <span class='ocr_line' id='line_1_35' title="bbox 792 4951 1141 4984; baseline 0 0"><span class='ocrx_word' id='word_1_369' title='bbox 792 4951 1141 4984; x_wconf 54' lang='lat' dir='ltr'><strong>m</strong></span> 
     </span>
    </p>
   </div>
   <div class='ocr_carea' id='block_1_7' title="bbox 0 0 2396 5894">
    <p class='ocr_par' dir='ltr' id='par_1_9' title="bbox 0 0 2396 5894">
     <span class='ocr_line' id='line_1_36' title="bbox 0 0 2396 5894; baseline 0 0"><span class='ocrx_word' id='word_1_370' title='bbox 0 0 2396 5894; x_wconf 95' lang='lat' dir='ltr'><strong> </strong></span> 
     </span>
    </p>
   </div>
  </div>
 </body>
</html>
