4768 5894
948 591 1027 667 auu

181 797 402 881 separationem
421 799 604 864 ,maumam
621 797 933 881 parumautarenuta
955 797 1119 879 particulia-
1141 797 1285 862 emortuis
1303 797 1372 864 fieri
1395 808 1513 876 causet,
1540 801 1705 885 miramque
1726 801 1788 866 vim

184 921 395 986 destructivam
418 922 591 987 carunculis
613 941 653 986 ea
675 923 747 988 viro
771 943 840 988 osse
863 921 1113 986 subnascentibus
1133 922 1232 986 inesse
1255 903 1425 988 arbitratur»

341 1047 441 1108 (tarta
455 1045 664 1110 difficillimum
685 1046 725 1109 sit
747 1046 932 1126 dijudicato,
956 1054 1102 1130 quaenam
1124 1065 1199 1108 uera
1220 1046 1258 1108 sit
1279 1045 1400 1110 illarum
1422 1047 1648 1112 sententiarum.
1686 1047 1785 1115 Alteri

179 1186 270 1252 quam
293 1169 412 1250 sequuti
434 1175 507 1232 mut
535 1167 684 1251 Scarpa
712 1177 742 1232 et
763 1169 976 1245 Raunerth,
996 1169 1056 1232 ¹lea
1079 1169 1133 1233 illa
1154 1168 1362 1249 physiologica
1384 1170 1478 1247 lavet,
1508 1170 1673 1234 secuudum
1696 1192 1786 1253 quam

178 1291 299 1355 nonnisi
322 1310 399 1374 quae
422 1291 524 1354 soluta
546 1298 617 1354 sunt
638 1292 719 1354 vasis
741 1292 835 1373 recipi
851 1298 980 1373 quennt3
1003 1291 1197 1354 substantiam
1222 1299 1322 1356 autem
1345 1311 1463 1356 osseam
1487 1301 1661 1375 emortuam,
1683 1293 1786 1377 inqua

177 1415 220 1480 ait
249 1415 417 1497 quidquam
450 1413 613 1496 reperitur,
655 1414 738 1496 quod
768 1415 807 1502 acl
837 1415 1009 1479 functiones
1035 1432 1183 1478 vasorum
1205 1415 1366 1495 pertineat,
1396 1417 1468 1498 quid
1495 1418 1618 1482 taudem
1642 1417 1785 1496 resolvat,

177 1539 258 1602 taut
281 1538 466 1617 intelligitur.
510 1539 545 1600 lu
569 1554 644 1617 pure
667 1537 727 1600 tale
749 1538 822 1619 quid
844 1519 956 1600 virium
975 1545 1040 1600 non
1059 1539 1177 1615 inesse,
1200 1557 1294 1618 supra
1312 1541 1378 1618 jam
1400 1541 1519 1618 monui,
1539 1559 1639 1623 neque
1660 1541 1785 1604 omuino

178 1661 342 1744 quidquam
365 1661 404 1723 ad
427 1660 640 1741 perficiendam
664 1662 884 1740 separationem
905 1661 944 1722 ab
966 1671 1005 1724 teo
1029 1661 1176 1737 conferri,
1206 1681 1243 1724 ex
1266 1681 1303 1728 eo
1323 1665 1386 1741 jam
1410 1663 1513 1744 colligi
1535 1663 1618 1742 licet,
1648 1664 1731 1747 quod
1753 1665 1784 1728 iu

178 1784 300 1860 avibus,
328 1783 490 1866 inquibus
513 1783 597 1846 nulla
618 1801 751 1865 unquam
774 1785 903 1848 secretio
925 1783 1012 1864 puris
1033 1784 1234 1865 conspicitur,
1263 1791 1363 1850 tameu
1385 1793 1485 1866 partes
1508 1787 1678 1851 neoroticae
1700 1807 1784 1852 soce·

179 1906 268 1980 ‹lunt;
303 1912 392 1988 atque
434 1907 466 1968 iu
499 1906 707 1970 mammalibus
741 1926 877 1989 quoque,
917 1913 1056 1968 accurata
1089 1925 1124 1970 re
1157 1914 1305 1987 spectata,
1334 1909 1513 1990 suppuratio
1547 1929 1585 1974 ex
1618 1929 1689 1974 osse
1722 1917 1785 1974 uam

178 2029 298 2094 ‹lemum
309 2029 456 2110 apparuit,
480 2049 572 2111 quum
593 2048 657 2092 uuo
680 2030 814 2093 alterove
835 2029 907 2092 loco
928 2029 1080 2109 separatio
1101 2031 1165 2109 jam
1188 2032 1267 2094 tacta
1288 2037 1343 2096 ast.
1388 2032 1471 2094 llaec
1494 2033 1585 2113 igitar
1605 2034 1785 2095 confirmare

176 2152 333 2234 videntur,
356 2153 576 2233 resorptionem
599 2152 791 2216 solummodo
814 2153 844 2216 iii
867 2152 1001 2233 partibus
1023 2152 1100 2216 vivis
1122 2152 1196 2214 lieri.
1243 2153 1357 2218 Contra
1379 2174 1469 2231 vcro,
1502 2155 1528 2218 si
1561 2154 1783 2237 perpendimus,

177 2274 211 2338 iu
232 2275 314 2338 omni
335 2277 401 2340 lere
425 2275 546 2340 necrosi
567 2275 750 2357 superficiali
771 2274 912 2340 laminam
935 2275 1129 2340 extoliuione
1151 2283 1320 2355 separatam
1342 2278 1489 2343 minorem
1511 2295 1698 2362 essequam
1720 2299 1784 2344 am·

179 2397 274 2462 bitum
297 2399 392 2480 partis
422 2399 591 2464 denudatae
614 2399 767 2482 signisque
796 2399 937 2463 omuibus
958 2405 1126 2472 emortuaer
1157 2417 1193 2460 ac
1216 2399 1344 2464 maxime
1366 2400 1392 2463 si
1415 2400 1468 2462 illa
1490 2409 1659 2482 spectamus
1683 2421 1783 2468 exem·

177 2521 243 2603 pla,
265 2522 296 2584 iu
319 2521 427 2604 qubus
449 2523 587 2586 necrosis
609 2523 780 2599 manifesta,
809 2521 962 2585 extoliatio
986 2541 1060 2584 vero
1082 2521 1169 2585 naula
1191 2521 1391 2603 conspicitur,
1411 2557 1457 2572 -
1479 2523 1552 2586 nihil
1574 2525 1693 2590 videtur
1714 2525 1784 2590 reli-

178 2663 271 2727 quum
293 2663 374 2721 asse,
403 2665 492 2725 quam
515 2651 549 2706 ut
571 2665 640 2708 oum
661 2644 907 2720 Weidmaun,
930 2643 1107 2722 Mading,
1130 2643 1310 2719 Kartum,
1340 2645 1423 2721 aliis,
1453 2665 1490 2708 ex
1515 2648 1641 2712 mortuis
1663 2667 1785 2732 quoque

177 2767 313 2848 partibus
335 2765 474 2830 nonnihil
495 2767 608 2828 auferri
628 2773 805 2829 statuamus.
861 2764 989 2828 Maximi
1011 2765 1170 2844 igiturest
1191 2765 1349 2842 momenti,
1371 2774 1405 2830 ut
1427 2769 1595 2850 reperiatur
1616 2771 1701 2845 ratio,
1725 2791 1785 2852 qua

177 2889 290 2952 lamina
312 2888 390 2952 ossis
413 2895 552 2952 emortua
575 2888 687 2950 ambitu
710 2888 872 2964 decrescat,
894 2886 944 2950 vel
967 2905 1094 2968 prorsus
1117 2885 1279 2966 dispareat.

338 3012 449 3076 Monui
466 3013 532 3092 jam
555 3017 632 3088 aute,
653 3009 743 3076 sirnul
765 3017 854 3093 atque
876 3011 910 3075 in
928 3009 1057 3074 ¹circuitu
1078 3009 1214 3072 uecrosis
1238 3028 1329 3072 crena
1352 3011 1488 3091 coeperit
1517 3013 1652 3089 formari,
1673 3015 1782 3094 margi-

178 3153 247 3200 nem
269 3143 389 3200 tenuem
411 3134 551 3198 lamellae
573 3141 727 3198 emortuae
757 3153 776 3196 a
803 3132 967 3197 muneris
995 3131 1195 3196 subnascente
1223 3131 1377 3214 aliquanto
1406 3153 1524 3198 sursum
1554 3136 1666 3198 intiecti
1694 3145 1724 3200 et
1753 3137 1783 3200 iu

179 3257 351 3341 squamulae
374 3257 502 3322 minutas
525 3257 627 3320 dilabi.
670 3258 738 3320 lloc
760 3257 792 3320 iu
813 3256 998 3331 necrosibua
1021 3255 1202 3320 denudanda
1225 3255 1303 3320 ossis
1325 3257 1484 3336 superlicio
1505 3259 1537 3322 iu
1567 3259 1730 3338 cuniculis,
1753 3262 1783 3324 ia

180 3381 287 3445 talibus
310 3382 394 3444 etin
417 3381 514 3444 ritulo
536 3381 657 3457 effectis,
680 3381 711 3442 in
734 3379 842 3462 quibus
864 3399 921 3461 per
941 3384 1038 3442 totum
1061 3378 1220 3444 decursum
1241 3377 1352 3445 vulnus
1375 3379 1489 3446 siceum
1517 3383 1670 3461 manabat,
1692 3385 1784 3464 pede·

179 3505 281 3568 lentim
304 3504 405 3587 quasi,
427 3504 581 3586 quomodo
605 3503 797 3585 procederet,
831 3502 1040 3569 observatione
1068 3503 1207 3585 persequi
1236 3510 1390 3584 poteramq
1424 3506 1601 3586 squamulae
1628 3513 1785 3586 separatae

179 3628 211 3690 iu
233 3633 341 3704 crusta,
363 3627 445 3692 labia
465 3625 600 3692 malueris
622 3627 738 3689 externi
760 3626 928 3706 obtegente,
949 3625 1186 3690 luculentissime
1208 3633 1348 3706 poterant
1362 3627 1579 3701 demonstratu
1599 3647 1660 3709 qua
1682 3635 1784 3692 crusta

180 3757 267 3814 caute
289 3757 443 3831 separata,
472 3769 576 3830 margo
599 3750 792 3812 tenuissimus
813 3747 953 3812 lamellae
976 3755 1132 3811 emortuae
1151 3756 1293 3830 tanquam
1316 3765 1458 3814 corrosus
1482 3751 1660 3828 apparebat,
1694 3757 1783 3831 atque

179 3873 327 3940 submissa
348 3873 488 3936 lanceola
510 3870 651 3936 facillime
672 3872 705 3934 iu
726 3869 890 3950 particulas
912 3869 1042 3931 minutas
1074 3869 1269 3933 dilabebatur.
1327 3867 1511 3950 squamatim
1545 3871 1635 3950 igitur
1666 3872 1784 3949 solutis,

179 4003 213 4062 ut
235 4003 369 4078 apparet
390 3996 545 4077 particulis
573 3993 703 4072 exiguis,
730 3989 852 4056 umuu
878 3991 1033 4058 necrotica
1053 3991 1210 4072 paullatim
1238 3991 1362 4055 dimidio
1394 3992 1523 4072 amplius
1552 3993 1700 4058 interdum
1729 3997 1783 4061 mi·

181 4119 473 4191 uuebaturambituz
506 4135 604 4200 nequa
627 4116 766 4193 dubium,
802 4116 875 4199 quin
905 4116 937 4178 iu
965 4115 1084 4180 casibus
1112 4133 1130 4177 a
1160 4115 1327 4194 Ruyscb,
1361 4115 1605 4196 Lapeyronie
1627 4124 1657 4180 et
1678 4119 1784 4182 lton·

180 4243 292 4308 bault
312 4241 484 4306 memoratis
506 4261 578 4323 pars
600 4241 679 4306 ossis
701 4246 838 4302 emortua
859 4239 965 4301 eadem
988 4258 1114 4319 prorsus
1142 4239 1260 4302 ratione
1287 4239 1398 4302 sensim
1421 4239 1585 4302 evanuerit·
1606 4275 1650 4290 -
1696 4243 1784 4311 uisus

181 4366 267 4431 cilius
289 4365 364 4428 haec
385 4364 599 4430 extoliatio
621 4365 659 4428 in
682 4360 893 4444 particulis
917 4361 1115 4426 demonstrari
1138 4361 1248 4441 poterit
1269 4361 1299 4422 in
1323 4361 1442 4422 mnibus
1455 4359 1499 4436 iis,
1522 4361 1553 4424 in
1575 4365 1684 4445 quibus
1706 4385 1783 4446 pure

181 4485 392 4552 vellaurentis
413 4485 558 4550 mnunuo
580 4487 692 4550 vulnus
712 4486 899 4549 humectatur
920 4489 1011 4565 atque
1040 4483 1160 4548 tenuior
1187 4481 1285 4544 adhuc
1311 4485 1439 4548 sonasse
1467 4483 1580 4552 lamina
1609 4495 1655 4552 est
1683 4508 1782 4552 emor.

181 4621 248 4684 tuat
270 4625 375 4672 venrm
396 4627 489 4690 quum
511 4607 628 4690 reliqua
648 4607 857 4689 phaenomena
878 4625 1005 4688 prorsus
1027 4625 1092 4668 nou
1112 4604 1259 4682 differant,
1281 4605 1414 4689 ipsisque
1435 4607 1553 4690 legibus
1574 4609 1782 4690 physiologiae

181 4751 316 4824 pugnare
337 4729 475 4796 uideatur
496 4729 646 4810 resorptic
668 4731 807 4811 corporis
830 4729 962 4805 solidi,
984 4728 1047 4792 vita
1069 4728 1214 4805 camum,
1237 4749 1388 4813 quumque
1411 4731 1534 4796 fluidum
1557 4729 1635 4794 adsit
1656 4732 1781 4810 utillum,

182 4859 271 4938 cauus
292 4854 323 4918 vi
344 4853 482 4918 solvente
493 4853 615 4918 saeuire
635 4853 739 4934 possit,
761 4861 843 4920 utros
855 4859 1024 4918 mortuum
1034 4851 1167 4918 salutm
1179 4852 1377 4928 resorbetur,
1391 4887 1429 4904 -
1443 4873 1507 4916 nou
1524 4872 1687 4934 possumus
1710 4857 1782 4939 quin

182 4981 213 5044 in
235 4980 281 5044 bis
303 4996 424 5061 quoque
447 4975 565 5039 casibus
587 4976 682 5057 magis
705 4977 850 5058 ambiguis
872 4995 978 5040 revera
1007 4976 1303 5042 extoliationem
1331 4977 1368 5040 iu
1398 4975 1609 5057 particulis
1637 4979 1703 5042 aive
1731 4978 1782 5042 in.
