4784 5894
938 565 1014 640 133

175 797 265 843 ossea
287 787 353 842 erat
373 778 505 842 obducta
527 779 563 863 (fl
586 798 614 859 g.
638 778 672 857 b)
696 775 769 863 (i);
789 775 853 839 tubi
875 795 997 859 quoque
1018 774 1193 840 medullaris
1217 779 1391 858 superficies
1413 799 1523 864 magno
1553 785 1664 848 ambitu
1696 787 1776 852 calio

175 911 339 985 coopertus
361 923 397 966 ac
418 923 526 966 versus
548 905 711 966 tncmram
733 871 859 982 prorsus
883 901 1040 964 obturatus
1063 900 1312 982 conspiciebatur.
1357 903 1439 967 inter
1452 911 1613 992 utrumque
1627 912 1776 991 fragmen-

175 1027 363 1090 tumasauia
385 1026 433 1112 (l)
457 1027 594 1107 jacebat,
616 1025 804 1106 longitudine
826 1027 891 1087 iere
912 1023 1034 1105 pollicis
1063 1023 1194 1124 dimidii,
1216 1029 1304 1106 eujus
1326 1048 1396 1108 pars
1426 1036 1559 1094 extrema
1582 1035 1672 1112 juxta
1700 1035 1778 1096 latus

175 1151 326 1231 posterius
350 1150 506 1231 fragmenti
528 1149 681 1231 interioris
701 1147 896 1222 decor-roban
919 1148 994 1210 baec
1024 1148 1126 1211 assula
1148 1149 1211 1211 iere
1241 1169 1367 1231 prorsus
1395 1153 1478 1215 nuda
1510 1161 1599 1237 atque
1627 1157 1779 1219 immutata

176 1273 340 1355 apparebat
360 1291 419 1336 nec
440 1274 498 1336 nisi
520 1275 552 1335 in
574 1273 660 1354 apice
681 1279 815 1335 extremo
838 1271 1003 1349 inferiore,
1024 1291 1112 1354 quem
1135 1293 1155 1334 a
1175 1273 1328 1353 periosteo
1350 1295 1413 1338 nou
1436 1279 1605 1356 sejunctum
1621 1279 1713 1344 fuisse
1728 1300 1780 1343 ve-

175 1396 300 1460 risimile
323 1403 382 1476 est,
405 1397 507 1459 itidem
529 1415 618 1460 ossea
639 1395 810 1459 substantia
831 1401 977 1476 cooperta
997 1401 1087 1478 atque
1108 1415 1177 1458 oum
1201 1397 1367 1476 fragmento
1390 1399 1532 1464 inferiore
1555 1409 1685 1467 contrata
1707 1415 1781 1470 erat·

176 1521 212 1583 in
235 1520 355 1601 angulo,
378 1539 466 1603 quem
488 1521 656 1601 &agmento
676 1518 867 1600 effingebant,
887 1519 1001 1582 eadem
1015 1519 1149 1582 sectione
1168 1539 1258 1582 ossea
1272 1520 1437 1585 substantia
1449 1523 1506 1610 (k)
1527 1525 1781 1590 receus'iormata

177 1644 432 1725 conspiciebatur,
462 1664 531 1706 cum
558 1650 666 1706 neutm
697 1645 864 1724 fragmento
897 1649 1028 1705 connata
1054 1649 1084 1704 et
1109 1643 1245 1718 mobilis;
1274 1644 1307 1705 id
1336 1646 1419 1727 quod
1448 1667 1486 1710 eo
1516 1651 1610 1730 mag'm
1643 1649 1781 1728 mirabar,

177 1769 261 1852 quod
282 1787 435 1850 nunquam
457 1787 496 1831 os
515 1787 621 1831 recem
644 1769 806 1830 formatum
827 1765 1031 1844 observaram,
1054 1766 1127 1849 quin
1150 1767 1187 1828 ab
1211 1787 1282 1830 osse
1304 1767 1432 1848 pristino
1444 1772 1613 1850 proiectum
1632 1781 1711 1836 esset
1731 1775 1780 1837 rel

178 1911 247 1956 omn
269 1911 307 1955 eo
330 1893 511 1955 cohaereret
557 1891 657 1974 Atque
678 1891 763 1953 initio
786 1891 907 1974 quidem
926 1891 1006 1952 hanc
1020 1889 1215 1953 substantiam
1229 1891 1369 1972 pluribus
1383 1892 1500 1957 nucieis
1516 1895 1623 1974 osseis,
1643 1898 1695 1980 qui
1704 1897 1783 1962 inter

178 2036 213 2080 se
235 1986 410 2093 coaluerint,
432 2017 562 2078 ffimam
584 2035 652 2078 esse
674 2015 796 2092 credidi,
817 2033 922 2078 verum
945 2021 1119 2098 postquam,
1141 2033 1203 2096 quo
1226 2015 1472 2078 aecumtisrsrem
1486 2017 1641 2100 inquirere
1649 2039 1782 2102 possem,
1859 2019 1863 2028 ⁴

179 2147 295 2220 partem
318 2139 449 2222 aliquam
470 2159 509 2220 ex
531 2159 568 2202 ea
590 2157 675 2202 serra
695 2155 906 2216 exsecueram,
927 2157 965 2201 ex
987 2157 1096 2220 magua
1117 2138 1274 2216 aerula,e
1304 2145 1459 2203 banverso
1482 2141 1514 2202 in
1543 2143 1671 2222 angulo,
1694 2163 1783 2226 quem

180 2264 250 2340 dixi,
272 2264 435 2340 collocata,
457 2263 532 2325 haec
553 2282 634 2327 nova
656 2264 823 2326 substantia
843 2265 979 2344 prosecta
1001 2262 1171 2343 apparebat
1219 2263 1332 2324 Omnes
1346 2269 1459 2342 partes,
1482 2262 1519 2326 de
1543 2265 1654 2348 quibus
1667 2287 1782 2331 memo-

181 2389 254 2465 ravi,
277 2395 403 2468 excepta
424 2387 493 2450 sola
514 2387 616 2450 assuta
638 2388 695 2468 (l),
718 2407 808 2470 quam
831 2405 899 2448 cum
922 2387 1088 2467 fragmento
1111 2351 1254 2448 inferiore
1278 2405 1367 2462 ossea
1388 2387 1513 2449 mamrie
1535 2389 1686 2452 coaluisse
1706 2389 1784 2452 vidi-

181 2531 264 2588 mus,
286 2512 363 2573 inter
385 2531 420 2574 se
448 2511 615 2574 substantia
640 2509 931 2573 fibroso-cellulosa
954 2511 1078 2589 junctae
1108 2516 1194 2572 erant
1220 2515 1396 2592 motumque
1424 2510 1554 2593 aliquem
1583 2511 1783 2578 admittebant.

180 2639 266 2698 Haec
286 2635 458 2712 substantia,
482 2633 641 2696 intervalla
663 2633 766 2694 ornnia
787 2633 913 2713 expiens
928 2631 983 2716 ,(e.
1007 2633 1028 2694 i.
1053 2633 1092 2716 i),
1114 2632 1229 2695 coloris
1254 2639 1319 2694 erat
1340 2633 1544 2697 erubicundo
1566 2635 1666 2714 albidi,
1689 2637 1784 2714 firma,

179 2767 286 2835 tenax,
307 2777 367 2820 uec
385 2758 451 2820 ailo
473 2757 544 2819 ioco
567 2764 704 2818 naturam
725 2755 939 2835 gelatinosaur,
961 2754 1173 2831 semiduidam,
1196 2753 1315 2836 qualem
1337 2755 1443 2835 primis
1473 2756 1581 2820 diebus
1607 2759 1784 2835 invenimus,

182 2881 352 2956 errbibebat3
375 2886 527 2943 seucum
549 2879 656 2942 eadem
676 2885 765 2962 atque
787 2879 819 2940 ia
841 2877 972 2942 materiis
994 2877 1025 2938 in
1048 2877 1182 2958 partibus
1203 2876 1346 2940 monibus
1374 2877 1607 2942 inflammatione
1630 2881 1783 2943 exsudatis

182 3015 212 3068 et
235 3013 413 3068 stmrcturam
443 3005 615 3084 organicam
638 3003 754 3083 adeptis
761 3049 772 3080 ,
792 3003 926 3084 ideoque
945 3021 963 3064 a
985 3007 1136 3064 structura
1164 3000 1371 3081 cartilaginum
1394 3021 1484 3084 quam
1511 3003 1644 3066 mamme
1671 3004 1773 3067 disere

182 3147 268 3212 parts.
312 3127 421 3210 Neque
443 3129 567 3190 omino
590 3129 621 3189 in
643 3129 700 3189 hac
722 3129 862 3202 fractura,
885 3145 982 3208 neque
1004 3126 1036 3186 in
1058 3125 1103 3201 iis,
1126 3143 1201 3206 quas
1223 3125 1366 3205 longiore
1384 3119 1522 3206 tempore
1545 3127 1726 3208 interposito
1739 3127 1784 3189 in·

181 3255 299 3336 quisivi,
321 3251 486 3334 quidquam
506 3253 603 3314 adbuc
623 3251 807 3330 cartilaginei
830 3250 862 3311 ia
883 3249 1048 3312 mbstmfia
1071 3247 1141 3310 calli
1164 3249 1317 3310 inventum
1340 3255 1399 3311 est«

344 3377 379 3438 In
401 3375 464 3436 aiio
484 3375 643 3452 canicule,
667 3373 774 3436 diebus
793 3379 866 3454 post
887 3375 996 3436 iactam
1018 3374 1181 3434 iiacturam
1210 3373 1330 3449 XXX,
1353 3372 1450 3436 callus
1478 3374 1618 3457 utrinque
1646 3373 1784 3455 pluribus

184 3501 263 3563 uos
283 3483 406 3562 cotom.
451 3499 597 3560 amoma
618 3499 650 3560 u
672 3498 829 3578 superus
852 3504 937 3578 parte
959 3497 1049 3558 etue
1072 3497 1239 3570 rossem
1262 3498 1461 3577 fragmentum
1480 3497 1604 3560 urceus
1623 3499 1786 3561 introrsum

185 3631 324 3699 cesserat,
347 3631 437 3703 atque
458 3620 514 3683 5¹⁸
535 3639 627 3702 supra
649 3622 739 3682 finem
762 3621 928 3700 superioris
951 3620 1147 3700 prominebat,
1169 3639 1267 3701 neque
1289 3619 1354 3682 ulio
1365 3619 1437 3682 loco
1451 3641 1520 3682 cum
1531 3640 1569 3682 eo
1588 3621 1785 3701 contingebat,

186 3743 662 3828 sedquaproximeermtam
685 3743 873 3805 abinvicem
896 3743 1053 3804 distabant.
1096 3743 1201 3804 Partes
1213 3741 1363 3802 mollesin
1386 3749 1496 3804 statum
1517 3761 1622 3805 sanum
1636 3742 1787 3805 redierant
1840 3711 1851 3726 ⁸

186 3881 275 3954 atque
297 3871 372 3932 iines
394 3869 550 3950 utriusque
573 3867 731 3948 fragmenti
750 3871 832 3928 tactu
863 3865 1004 3944 distingui
1034 3871 1187 3945 poterant;
1211 3863 1287 3925 cutis
1318 3867 1348 3925 et
1370 3863 1501 3926 musculi
1529 3865 1643 3927 externi
1672 3871 1787 3930 motum

186 3996 313 4059 liberum
342 3997 571 4073 recuperarent,
592 3991 721 4053 musculi
743 4009 817 4052 vero
842 3988 1056 4070 profundiores
1076 3987 1192 4050 firruirrs
1225 3987 1381 4070 aliquanto
1403 3988 1551 4050 fracturae
1575 3989 1788 4054 adteerebmt

188 4119 291 4184 Gallus
313 4137 351 4179 ea
372 4135 431 4200 qua
454 4118 619 4197 fragmenta
642 4115 736 4177 iacies
756 4111 814 4177 sibi
836 4114 965 4176 invicem
986 4111 1190 4188 obvertebant,
1212 4113 1340 4174 uberior
1358 4117 1423 4174 erat
1445 4119 1540 4193 atque
1558 4112 1684 4192 augulis
1706 4111 1786 4176 locis

187 4245 308 4319 coierat,
329 4249 471 4322 tanquam
492 4213 636 4321 pontibus
659 4258 757 4301 novae
788 4237 971 4302 subaturtiae
999 4254 1107 4299 osseae
1136 4235 1173 4296 ab
1202 4237 1298 4298 altero
1326 4235 1365 4295 ad
1395 4233 1521 4322 aiterum
1552 4237 1787 4306 bansermtibum

186 4371 313 4433 lacunae
334 4363 406 4426 inde
427 4363 550 4425 effectae
573 4363 711 4444 expletae
733 4334 819 4425 eraut
840 4361 1007 4424 substantia
1029 4358 1335 4434 fibroso-cellulosa,
1357 4357 1487 4419 iaoiiea
1509 4358 1674 4422 arbstantia
1697 4380 1787 4424 ossea

185 4511 292 4556 recens
314 4489 442 4550 formata
464 4487 633 4567 separanda
654 4495 685 4549 et
706 4487 866 4568 periosteo,
889 4485 1073 4566 aliquantum
1096 4483 1259 4544 etiamnum
1279 4481 1463 4558 incrassato,
1486 4482 1669 4548 inhaerente.
1715 4485 1787 4546 Pas·
1845 4489 1850 4500 ‘

187 4619 244 4681 sim
266 4615 298 4674 in
319 4617 443 4673 externa
464 4609 535 4670 catii
558 4611 715 4689 superficie
738 4613 844 4673 foveae
867 4608 962 4689 magis
983 4607 1119 4670 minusve
1141 4604 1313 4687 protundae
1341 4606 1542 4686 apparebant,
1564 4605 1598 4667 in
1617 4625 1696 4688 quas·
1715 4605 1787 4668 sub·

349 4819 390 4890 (1)
410 4817 446 4892 (t)
466 4823 546 4872 refert
572 4823 773 4874 exturbationem
791 4827 824 4874 ab
843 4827 917 4890 apice
937 4825 1100 4890 prominente
1116 4822 1271 4886 proiectam,
1290 4835 1369 4884 quam
1387 4835 1455 4870 serra
1474 4821 1512 4868 ita
1544 4827 1727 4882 praecurrat,
1757 4827 1786 4868 ut

191 4939 255 4988 ,pq-x
274 4923 329 4984 ipse
346 4914 421 4961 alteri
441 4913 552 4960 dimidio
571 4912 735 4973 indisereta-23
764 4915 842 4962 simul
863 4931 931 4963 nura
950 4915 1095 4963 substantia
1114 4905 1242 4978 ocaea·(i)
1265 4911 1339 4958 relate
1363 4909 1449 4958 adbuc
1467 4908 1567 4970 fragilia
1587 4903 1700 4972 abrupta
1725 4914 1789 4966 erat,

191 5016 260 5082 quod
278 5025 293 5059 a
312 5007 412 5072 {sitim
430 5001 483 5050 stt?
502 5001 584 5048 nimi·
604 5015 665 5056 eunt
684 5005 734 5054 tide
754 5003 916 5052 delineatum
935 5011 982 5051 eat.
