4784 5894
950 589 1002 664 91

171 797 402 864 damnatoriam
424 817 529 864 earum
553 819 621 864 esse
642 799 783 878 indolem,
805 797 1047 866 inflammationis
1068 799 1199 882 partium
1221 797 1359 863 mollium
1381 798 1471 882 plane
1494 794 1629 881 similem,
1651 801 1777 866 demon·

169 931 297 988 stratum
318 929 373 1002 est
395 943 545 1008 nusquam
567 931 666 988 tamen
690 943 751 987 una
773 943 842 988 enm
864 924 1099 988 inflammatione
1122 925 1236 987 ossium
1259 925 1326 988 aliis
1356 926 1457 988 causis
1484 926 1591 989 effecta
1620 927 1775 1008 expositae

168 1049 368 1131 reperiuntur.
415 1047 451 1112 ld
472 1055 572 1112 antem
594 1050 693 1130 ipsum
715 1067 772 1130 ego
795 1049 985 1130 potissimum
1014 1049 1045 1111 in
1067 1051 1124 1112 hac
1146 1049 1355 1113 dissertatione
1377 1049 1530 1132 spectavi,
1560 1058 1595 1112 ut
1624 1071 1701 1134 qnae
1729 1051 1775 1114 in-

168 1173 364 1237 flammationi
387 1174 502 1238 ossium
525 1172 650 1256 propria
672 1178 750 1251 sunt,
773 1191 836 1237 nno
859 1175 945 1257 quasi
969 1181 1134 1254 conspectu
1157 1171 1452 1255 comprehenderem.

327 1297 431 1362 Facile
454 1297 638 1379 intelligitur,
668 1297 803 1360 omnium
825 1298 952 1360 telarum
973 1297 1088 1360 nrtllam
1112 1297 1232 1360 ossibus
1254 1317 1322 1360 esse
1340 1299 1443 1362 minus
1466 1297 1626 1376 idoneam,
1655 1300 1686 1362 in
1715 1320 1776 1383 qua

168 1422 416 1487 commutationes
439 1422 659 1500 subtilissimae,
682 1441 760 1506 quae
783 1421 1016 1486 inflammatione
1038 1422 1177 1500 existunt,
1200 1422 1405 1504 inquirentem
1429 1441 1522 1506 quare
1536 1421 1567 1485 in
1590 1443 1629 1486 eo
1651 1423 1774 1506 acquie-

92 1597 97 1610 .
168 1525 313 1610 soendnrn
335 1555 389 1624 est
410 1553 452 1622 ut,
475 1548 606 1630 quaein
629 1545 764 1629 partibus
787 1545 928 1608 mollibus
951 1546 1007 1608 hac
1022 1545 1067 1614 ¹de
1090 1565 1124 1607 re
1146 1547 1356 1623 innotuenmt,
1385 1547 1424 1610 ad
1454 1567 1526 1610 ossa
1547 1549 1773 1630 transferantur,

169 1682 258 1754 atque
283 1671 321 1733 iis
353 1670 463 1732 tinibus
486 1669 717 1744 continendum,
750 1677 784 1732 ut
805 1669 1046 1733 inflammationis
1077 1671 1226 1750 producta
1256 1671 1383 1732 secundi
1410 1671 1527 1735 ordinis
1558 1672 1772 1736 describamus.

168 1793 261 1858 Solus
283 1793 439 1858 llowshi
446 1814 467 1875 p
492 1794 551 1880 (Ι)
579 1813 639 1876 ope
666 1793 859 1875 microscopii
881 1794 1149 1870 commutationes,
1176 1815 1254 1878 quae
1284 1795 1516 1858 inflammatione
1546 1795 1577 1858 in
1605 1797 1674 1878 ipso
1703 1815 1773 1860 osse

166 1919 344 1996 efficiuntur,
366 1937 473 1982 eruere
495 1919 616 1996 studuit,
639 1903 766 2001 quarum
789 1915 1042 1995 observationum,
1065 1937 1143 2000 quae
1165 1918 1251 1982 solos
1274 1919 1459 1982 canaliculos
1481 1939 1589 1984 osseos
1608 1941 1773 2004 eorumque

166 2050 340 2108 contentum
361 2049 511 2125 spectant,
539 2049 569 2104 et
591 2040 840 2122 comprobatione
862 2059 1008 2124 perquam
1031 2042 1129 2104 adhuc
1151 2061 1240 2123 egere
1271 2045 1426 2121 videntur,
1459 2044 1534 2106 haec
1559 2051 1630 2108 sunt
1657 2065 1773 2108 summa

167 2169 280 2252 capita:

327 2291 363 2374 l)
385 2289 554 2354 Canaliculi
577 2289 658 2354 ossei
680 2287 846 2372 aequaliter
867 2287 1105 2370 ampliticantnm
1128 2308 1227 2371 neque
1242 2309 1316 2353 vero
1340 2291 1568 2358 intumescentia
1600 2291 1701 2374 aliqua
1722 2294 1771 2355 vel

166 2415 331 2480 substantia
343 2435 433 2479 ossea
446 2416 591 2478 exsudata
604 2413 922 2496 percipitumnitorem
934 2412 990 2476 sibi
1001 2413 1160 2494 proprium
1175 2421 1289 2488 tenent3
1303 2414 1355 2498 qui
1367 2415 1490 2478 effectus
1499 2435 1557 2496 pro
1570 2415 1638 2479 sola
1651 2418 1773 2499 sequela

165 2541 339 2606 irritationis
360 2540 463 2603 haberi
486 2545 594 2621 potest,
617 2558 678 2622 qua
700 2538 741 2613 tit,
764 2544 798 2600 ut
818 2537 993 2600 membrana
1014 2536 1201 2602 canaliculos
1213 2537 1360 2602 obvelnns
1372 2541 1510 2622 parietes
1533 2560 1588 2602 eos
1611 2541 1772 2622 cingentes,

164 2665 248 2729 lento
271 2665 326 2729 sed
349 2664 467 2747 aequali
489 2664 584 2744 gradu
606 2661 770 2724 absorbere
792 2661 922 2742 incipiat.
973 2660 1011 2742 2)
1035 2661 1204 2724 Canaliculi
1227 2664 1357 2742 speciem
1388 2685 1492 2726 sanam
1516 2665 1653 2726 amittunt
1684 2673 1773 2748 atque

163 2791 358 2852 immotantur
379 2789 428 2864 ita,
450 2789 536 2870 quasi
559 2785 651 2848 caelis
674 2784 873 2867 inaequaliter
893 2785 1028 2846 excavati
1051 2792 1160 2859 essent,
1183 2786 1295 2866 quippe
1324 2787 1439 2866 vaginis
1467 2789 1685 2851 membranosis
1708 2809 1770 2850 nou

162 2914 264 2978 solum
287 2910 492 2986 crassioribus,
515 2910 568 2974 sed
590 2910 680 2972 etiam
702 2915 852 2972 structura
874 2908 1032 2991 perspicue
1055 2907 1181 2971 nodosis
1203 2910 1253 2971 vel
1276 2908 1447 2990 granulosis
1470 2911 1564 2972 laetis.
1610 2911 1650 2996 3)
1674 2915 1772 2973 Locrus
1803 2947 1807 2956 ι

164 3011 289 3100 aiiectus
310 3035 488 3114 intumescit,
512 3041 542 3097 et
563 3041 684 3115 praeter
706 3033 909 3114 absorptionis
938 3051 1016 3115 qnos
1039 3031 1102 3094 dixi
1132 3033 1254 3096 effeetus
1283 3053 1392 3114 magna
1420 3034 1467 3096 vis
1490 3033 1631 3098 materiae
1665 3055 1773 3098 osseae

166 3162 336 3238 exsudetur,
360 3163 447 3241 cujus
470 3179 521 3222 eas
544 3166 658 3220 tantum
687 3157 865 3240 particulas,
901 3175 979 3238 quae
1009 3165 1163 3238 postremo
1193 3155 1348 3238 depositae
1378 3165 1463 3234 sunt,
1497 3158 1637 3239 distingui
1665 3161 1773 3244 liquet;

164 3287 283 3368 priores
306 3286 385 3348 enim
409 3305 477 3347 cnm
500 3303 570 3347 osse
592 3283 624 3344 in
645 3303 739 3344 uuum
762 3282 848 3365 quasi
870 3299 982 3362 corpus
1005 3280 1190 3344 coalnemnt
1238 3285 1305 3363 Ope
1321 3282 1513 3364 microsoopii
1529 3285 1689 3364 compositi
1702 3305 1774 3370 par-

165 3410 274 3474 ticulae
296 3409 443 3472 calcariae
465 3408 684 3491 phosphoricae
706 3407 757 3470 vix
781 3426 817 3468 ac
840 3425 879 3468 ne
908 3383 960 3467 uix
990 3405 1111 3488 quidem
1142 3407 1338 3469 adhaerentes
1365 3425 1473 3486 magna
1503 3407 1592 3488 copia
1621 3409 1774 3490 dispersae

166 3541 255 3618 atque
277 3536 308 3596 in
330 3533 492 3615 parietibus
515 3533 648 3595 omnium
671 3530 918 3607 canaliculornm,
941 3529 992 3613 qui
1014 3530 1248 3594 inflammatione
1271 3531 1368 3594 activa
1400 3531 1498 3592 adecti
1521 3533 1653 3610 linerent,
1681 3535 1773 3615 ‹lepo-

164 3661 239 3722 sitae
261 3659 497 3739 conspiciuntur.

325 3785 407 3846 llaec
429 3781 556 3864 ipsius
579 3779 835 3842 substantiae
858 3797 997 3840 osseae
1027 3778 1349 3853 intumescentia,
1378 3796 1468 3859 quam
1499 3777 1646 3858 Scarpa
1674 3780 1704 3839 in
1728 3799 1774 3842 re

164 3905 342 3988 generandis
365 3908 484 3971 ossibus
506 3903 713 3986 gravissimam
736 3917 803 3964 esse
826 3901 929 3976 voluit,
952 3901 1119 3963 irritatione
1142 3900 1331 3994 potissimum
1361 3901 1472 3964 sensim
1504 3901 1650 3964 existente
1685 3909 1776 3986 atque

165 4033 216 4096 diu
238 4033 422 4114 persistente,
445 4032 545 4114 itaque
569 4027 693 4090 intentis
716 4027 844 4087 maxime
868 4025 967 4088 eatrsis
990 4025 1071 4106 gigni
1093 4026 1226 4098 videtum
1261 4024 1380 4088 duobos
1409 4025 1529 4088 casibus
1562 4027 1714 4108 exceptis,
1746 4030 1776 4091 in

165 4155 272 4240 quibus
295 4158 452 4238 vestigium
475 4154 598 4237 aliquod
621 4170 787 4232 agnoscere
809 4149 880 4212 mihi
903 4151 986 4216 visus
1009 4169 1084 4227 sum,
1106 4169 1260 4232 nunquam
1284 4169 1351 4212 eam
1374 4149 1474 4212 inveni
1504 4151 1536 4212 in
1566 4151 1776 4216 inflammatio-

164 4281 255 4346 nibus
275 4283 379 4360 acutis,
402 4301 477 4364 quas
499 4278 684 4342 laesionibus
709 4275 890 4337 mechanicis
913 4274 945 4336 in
968 4273 1146 4336 animalibus
1169 4276 1385 4348 excitaveram
1417 4275 1604 4358 eandemque
1626 4297 1701 4340 vero
1724 4279 1776 4342 de-

162 4407 308 4490 prehendi
330 4406 361 4468 in
382 4405 519 4487 pluribus
543 4401 743 4478 exostosibus,
767 4405 857 4481 atque
880 4398 1014 4460 omniurn
1036 4397 1273 4460 luculentissime
1303 4398 1334 4459 in
1367 4399 1504 4462 exostosi
1533 4401 1662 4483 quadam
1684 4421 1776 4466 cansa

163 4531 334 4613 syphilitica
356 4537 470 4604 exorta,
494 4548 570 4612 qnae
593 4529 699 4590 eedem
721 4543 822 4588 novae
844 4523 1027 4586 substantiae
1051 4541 1158 4584 osseae
1181 4521 1394 4585 formationem
1417 4523 1448 4586 in
1471 4525 1631 4606 superficie
1655 4527 1775 4589 exhibe-

162 4655 223 4718 bat.
246 4653 293 4740 (v.
316 4653 389 4716 Tab.
409 4653 445 4715 ll.
469 4651 519 4732 lig.
544 4651 601 4734 l.).
647 4653 731 4713 llaec
752 4647 999 4714 substantiae
1022 4665 1161 4710 osseae
1182 4665 1309 4709 novae
1332 4649 1517 4711 formatio
1541 4649 1778 4732 omniumphae-
1816 4689 1824 4708 .

161 4795 372 4856 nomenorom,
395 4797 472 4862 quae
494 4775 526 4837 in
548 4773 668 4837 ostitide
690 4775 841 4853 videntur,
864 4791 928 4836 non
951 4773 1050 4836 solum
1072 4771 1270 4836 certissimum
1294 4779 1340 4835 est
1363 4779 1393 4836 et
1419 4774 1548 4836 maxime
1572 4775 1768 4855 perspicuum

322 5042 364 5115 (1)
382 5044 544 5108 Howsbip
560 5043 579 5094 l.
598 5059 626 5094 e.
649 5059 676 5108 p.
696 5041 757 5095 11⁴.
