4768 5894
959 555 1045 658 aaa·

186 771 305 836 harum
323 781 424 834 rernm
443 773 565 851 natura,
587 769 779 835 nnmbarrtnr.
822 767 876 834 Sio'
897 767 986 832 etiam
1006 769 1216 849 Durerney
1236 766 1290 850 (1)
1313 769 1372 832 hou
1388 768 1517 832 nomine
1537 787 1572 833 oe
1587 771 1662 835 'radii
1685 773 1804 838 deseris·

187 894 271 976 psit·
286 894 318 957 in
340 913 401 978 qno
424 893 502 958 intus
526 899 682 976 sequester
702 911 756 958 sex
774 893 906 976 pollines
934 891 1044 973 longus
1071 892 1294 969 continebatur,
1327 897 1360 954 et
1390 887 1599 957 lidrissant
1618 895 1672 973 (ὓ)
1694 895 1795 964 tibiam

188 1017 363 1095 delineavit,
385 1015 631 1101 quamexosiosi
652 1017 794 1086 adernam
811 1016 890 1094 dicit,
913 1022 944 1078 et
964 1015 996 1077 in
1018 1033 1078 1098 qna
1101 1013 1199 1096 primo
1222 1015 1330 1078 intuitu
1351 1017 1645 1083 neoresisnondun
1668 1038 1794 1101 prorsus

186 1146 334 1222 separata
357 1140 480 1222 agnosci
499 1145 610 1222 potest.
653 1137 809 1203 Formalie
831 1139 994 1223 sequestris
1016 1135 1138 1220 semper
1162 1139 1292 1201 obseura
1313 1141 1466 1216 manebat,
1500 1135 1544 1203 et²
1557 1159 1636 1224 quae
1667 1143 1707 1204 ad
1731 1160 1795 1207 rem

187 1263 411 1344 exponerem
433 1263 687 1345 proponebantur,
710 1281 817 1344 pamm
838 1261 1014 1344 probabilia,
1036 1281 1074 1324 ex
1096 1269 1182 1343 parte
1203 1261 1291 1324 etiam
1313 1263 1390 1325 mira
1409 1281 1448 1325 aa
1468 1265 1535 1325 lere
1550 1264 1678 1327 rldierda
1700 1253 1817 1332 erant'

187 1387 338 1464 Fuerunt,
353 1386 502 1470 quiquasi
513 1385 654 1464 mseindl,
676 1383 1007 1456 relutiinlaosioniltus
1017 1384 1245 1466 eapitislaminn
1256 1385 1350 1448 vitrea
1361 1387 1475 1450 ossium
1486 1388 1588 1464 cranii,
1610 1396 1794 1471 sequestrem

184 1515 352 1594 patarenis
383 1509 520 1592 plerique
542 1509 686 1572 narieita
708 1507 948 1590 progredientes
965 1515 1001 1570 nt
1029 1507 1090 1570 tela'
1117 1507 1341 1572 ossoaoireum
1363 1509 1498 1589 singulas
1518 1513 1620 1591 partes
1641 1512 1719 1579 ossis
1741 1514 1796 1577 de-

185 1639 368 1710 sta-neema
390 1617 610 1714 separationem
632 1633 698 1714 leri
720 1631 956 1710 arbitrabantur
979 1631 1052 1714 quin
1072 1631 1230 1711 Rnysoh
1252 1633 1283 1693 in
1304 1633 1432 1708 morosi,
1456 1651 1545 1715 quam
1568 1632 1734 1717 desoripsit,
1757 1640 1794 1700 ti-

184 1755 283 1832 niam,
303 1761 410 1820 anana
432 1773 470 1818 ae
489 1755 556 1816 lieri
577 1755 775 1833 consueverit,
798 1774 835 1818 ex
856 1754 976 1818 lammis
997 1754 1129 1830 duabus,
1164 1753 1268 1836 diplue
1291 1755 1369 1818 luter
1392 1775 1425 1818 se
1444 1757 1573 1835 Junetis,
1594 1762 1793 1841 oomposltam

183 1878 304 1955 issima
326 1877 450 1960 diploin
470 1897 546 1959 pure
568 1879 687 1943 ineam
710 1875 806 1942 effuso
822 1877 1010 1943 desonam
1032 1877 1161 1960 indeque
1188 1878 1331 1940 laminam
1359 1880 1505 1942 internam
1535 1889 1702 1962 separatam
1726 1903 1793 1948 esse

184 2001 318 2085 putarit
363 2001 581 2081 Duverney
603 2001 642 2062 de
663 2001 809 2083 sequestri
832 2001 917 2080 radii,
942 2019 1031 2084 quem
1053 2002 1329 2081 supramemoravi,
1351 2003 1545 2065 mirabundus
1561 2005 1603 2066 lta
1616 2005 1713 2068 eliert:
1741 2029 1793 2072 »ee

190 2123 288 2209 nqrn'il
308 2143 331 2207 y
352 2145 372 2186 a
393 2125 432 2188 de
452 2125 524 2206 plus
544 2125 731 2206 partienlier,
753 2121 826 2187 o’est
853 2143 912 2208 que
940 2123 986 2187 les
1016 2143 1087 2186 sues
1116 2125 1270 2188 eomosivs
1291 2125 1413 2187 avoient
1440 2120 1534 2206 rouge
1564 2126 1602 2189 de
1632 2129 1703 2191 telle
1729 2151 1794 2194 ma·

189 2243 299 2316 »uldra
319 2249 354 2311 la
372 2249 531 2312 erismae
553 2248 592 2310 de
615 2255 663 2312 eet
684 2267 728 2325 os,
751 2245 839 2330 qu’ils
861 2265 900 2310 en
917 2247 1046 2318 ,avolent
1067 2240 1176 2328 separis
1197 2267 1258 2308 nne
1280 2245 1407 2330 esqrrille
1430 2247 1587 2314 denriron
1609 2252 1656 2314 six
1677 2272 1792 2335 ponees

190 2371 256 2438 »de
275 2372 349 2453 long
371 2372 473 2456 etqui
494 2371 683 2454 eomprenoit
703 2377 789 2433 tonte
809 2370 841 2432 la
866 2371 987 2434 suriana
1014 2370 1131 2432 interne
1161 2370 1198 2432 de
1227 2369 1303 2448 l'os3
1337 2377 1413 2434 osee
1442 2373 1569 2455 esquille
1596 2393 1632 2438 se
1660 2380 1794 2442 trouruit

190 2490 380 2561 aennhassee
399 2495 475 2558 dans
497 2496 528 2557 la
549 2490 646 2558 multi
668 2494 707 2556 de
729 2501 807 2556 nette
826 2501 978 2558 exostose
992 2511 1110 2566 nomme
1132 2513 1194 2560 une
1216 2487 1293 2574 epioe
1314 2493 1389 2558 dans
1413 2513 1470 2558 son
1493 2497 1663 2560 lerneam«

353 2617 488 2680 'landem
510 2617 643 2694 Lonis,
664 2623 792 2678 mortem
814 2615 908 2696 partis
931 2617 1107 2695 cuiuspiam·
1122 2633 1229 2678 osseae
1257 2617 1288 2684 in
1316 2619 1377 2679 lroo
1403 2619 1510 2679 morbo
1532 2619 1705 2700 primariam
1727 2643 1795 2688 esse

185 2751 219 2807 et
241 2721 366 2825 inimus
380 2743 589 2822 plmnomena
608 2738 753 2801 morbosa
771 2723 1154 2804 ex'laodeuummmm
1175 2737 1294 2798 trahere
1314 2737 1537 2814 demonstrans,
1567 2741 1665 2820 prima
1687 2746 1794 2810 melio-

186 2867 232 2928 ris
259 2865 437 2944 neguitionis
459 2861 652 2930 lundameata
672 2861 794 2942 poenite
812 2859 956 2942 illatoque
978 2857 1077 2922 moror
1097 2859 1251 2922 notionem
1273 2875 1335 2942 qun
1370 2860 1466 2940 mgis
1498 2867 1646 2940 tueretur,
1681 2883 1793 2932 nomen

186 2987 390 3064 onerosis,
413 2986 551 3050 omnibus
573 3003 655 3047 nuno
676 2983 822 3065 temporis
842 2983 991 3060 nodatum,
1013 2977 1120 3045 morbo
1150 2981 1264 3069 indidit
1309 2983 1363 3048 llis
1392 2975 1491 3046 norae
1520 2984 1676 3049 doetrinae
1704 2989 1794 3054 initiis

186 3130 266 3178 mox
286 3108 602 3174 insumentumlraud
624 3081 748 3174 minoris
769 3107 913 3170 momenti
935 3105 1062 3170 aaeemlt
1083 3123 1122 3168 ex
1143 3107 1286 3184 Troiae
1308 3099 1447 3182 invento,
1477 3115 1541 3170 arte
1571 3099 1711 3174 nemnem
1749 3116 1795 3195 gl,

189 3235 321 3316 gnendiq
344 3253 405 3318 qno
428 3235 552 3297 invento
576 3234 687 3294 laeum
706 3237 762 3307 esi,
783 3234 819 3292 ut
840 3231 920 3292 luno
941 3227 1118 3311 preerannm
1139 3245 1256 3290 morum
1279 3237 1368 3310 atque
1381 3229 1523 3298 &omni
1547 3231 1645 3300 aliena
1667 3235 1794 3318 eompli-

189 3357 311 3440 naiiope
333 3357 460 3420 liberum
482 3353 644 3420 ohservare
667 3361 755 3437 atque
776 3351 937 3436 inquirere,
956 3351 1152 3434 undamque
1175 3369 1236 3434 quo
1258 3351 1350 3414 libeat
1369 3357 1514 3433 tempore,
1537 3358 1622 3437 quasi
1639 3362 1795 3425 continere

189 3501 228 3546 an
249 3482 356 3544 sistere
377 3481 539 3561 possimus.
583 3479 639 3542 liei
660 3477 790 3558 gravitas
812 3475 897 3554 lenit,
928 3483 963 3538 nt
983 3475 1093 3548 aolino
1119 3475 1158 3536 ad
1181 3474 1385 3542 remotissima
1406 3485 1663 3560 nequeumpora
1684 3469 1795 3566 ubique

189 3604 414 3686 aplrysiolugia
435 3611 466 3666 et
487 3603 610 3674 medioia
632 3602 879 3666 nummusissima
900 3597 933 3661 ln
955 3579 1134 3662 animaliores
1153 3599 1380 3664 destituerentur
1401 3601 1612 3679 experimenta
1635 3603 1795 3669 clariorem

188 3742 314 3808 semper
333 3727 432 3800 lneque
455 3725 666 3801 diffundendae
687 3723 769 3786 unde
790 3741 882 3807 quum
905 3721 994 3787 etiam
1015 3739 1067 3797 ea,
1101 3739 1178 3802 quas
1199 3722 1231 3781 in
1253 3720 1327 3800 ipsis
1348 3719 1518 3784 hominibus
1547 3725 1653 3785 mediol
1677 3730 1794 3808 expers.

190 3859 304 3928 rentur,
327 3851 455 3914 seriora
476 3849 632 3930 magisque
651 3847 791 3909 distinata
813 3851 842 3906 et
862 3842 903 3904 ad
924 3859 1013 3916 usam
1034 3843 1154 3922 aptiora
1175 3841 1296 3918 tierent,
1317 3841 1472 3921 paullatim
1499 3845 1573 3910 haee
1596 3846 1733 3910 duetrnra
1755 3833 1793 3912 ad

189 3993 331 4058 nagnam
350 3971 571 4056 parledtiomru.
587 3968 706 4033 exmlta
728 3975 780 4030 est.
1268 3981 1272 3990 ’
1789 3979 1792 3991 ·

291 4137 294 4149 ·
353 4098 491 4164 Maxime
516 4113 591 4158 reru
621 4091 874 4174 regeneratio
903 4087 1087 4154 snbmudae
1112 4088 1233 4150 nemori
1260 4089 1387 4154 amissm
1413 4095 1589 4174 quonjam
1611 4097 1795 4179 mtiqniores

192 4221 328 4295 medique
359 4221 557 4283 admiratione
591 4215 739 4280 adnuisset
766 4221 804 4278 et·
825 4213 863 4276 ad
902 4219 1029 4276 unumne
1065 4231 1130 4274 rear
1159 4211 1336 4294 expediendi
1366 4213 1537 4292 excitasset,
1571 4221 1634 4279 tum
1667 4223 1795 4288 maxime

193 4351 303 4429 postea
321 4343 354 4405 in
378 4343 588 4425 experimentis
610 4342 648 4402 de
669 4339 790 4403 neruosi
810 4335 1001 4400 instituendis
1021 4343 1091 4402 ante
1118 4337 1227 4399 oeulos
1248 4335 1373 4398 medicis
1396 4337 1583 4401 versabatur.
1629 4343 1755 4408 Veteres
1777 4367 1794 4410 e

196 4468 342 4550 singulari
364 4466 495 4550 quodam
518 4483 611 4528 snoeo
633 4464 759 4528 nutritio
781 4462 904 4537 ossum,
927 4459 992 4522 sire
1013 4479 1107 4523 suono
1130 4459 1261 4535 orsinae,
1284 4459 1335 4542 qul
1357 4477 1449 4541 quum
1470 4461 1502 4522 in
1525 4461 1644 4528 ossibus
1666 4484 1794 4550 cormp-

196 4593 236 4658 tis
257 4590 421 4672 &enmngi
451 4607 515 4652 uon
538 4585 667 4668 amplius
688 4595 800 4668 posset,
833 4583 1037 4648 edundmetur
1056 4589 1090 4645 ot
1108 4591 1328 4660 enueresmret,
1350 4585 1608 4664 regenerationem
1629 4589 1693 4650 lieri
1716 4589 1795 4652 arbi-

196 4747 517 4773 W

358 4863 399 4960 (l)
417 4891 620 4954 Durerney,
636 4888 658 4942 1.
677 4904 702 4938 e.
721 4896 784 4943 luna.
802 4887 840 4944 11,
858 4905 885 4952 p,
902 4885 966 4942 480,

357 4975 851 5050 (²)ndrrrmr,nsn.de1’aa
867 4989 926 5042 roy.
944 4976 991 5026 dea
1008 4977 1046 5029 ro.
1062 4975 1137 5032 Poris
1155 4971 1236 5030 l'l5d.
1254 4982 1278 5038 p
1293 4971 1359 5026 m:
1376 4971 1430 5029 tab.
1449 4971 1500 5028 111.
1615 4973 1618 4984 ’

1387 5075 1432 5140 30
