4768 5894
976 549 1055 628 245

218 789 289 835 sum
317 787 385 834 esse
413 786 480 832 sese
509 765 622 850 abripi3
652 763 766 830 sedicet
786 763 840 848 qni
861 760 983 827 effectus
1005 761 1103 826 omnis
1124 759 1367 825 inflammationis
1386 779 1486 826 merse
1508 768 1613 828 acuue
1633 763 1666 828 iu
1688 765 1808 830 emolli.

217 895 315 972 tione,
342 893 541 970 relaxatione,
568 889 752 972 expansione
780 888 963 952 substantiae
993 905 1098 951 osseae
1125 893 1262 970 poneret.
1306 886 1384 950 llinc
1406 907 1443 950 ea
1463 889 1639 952 necessitate
1661 889 1807 973 Scarpa

216 1017 388 1096 tenebatur,
409 1022 528 1080 utnon
549 1015 656 1092 solum,
680 1033 756 1097 quae
778 1011 816 1075 ab
839 1012 906 1076 aliis
928 1012 1054 1076 adrem
1076 1011 1292 1095 expediendam
1314 1010 1406 1074 allata
1427 1013 1557 1092 fuerant,
1579 1013 1730 1092 refutaret,
1752 1015 1807 1078 sed

214 1142 305 1205 etiam
332 1147 368 1206 ut
398 1141 623 1204 observationes
649 1138 811 1201 multmum
840 1137 977 1199 virorum
999 1137 1116 1200 aclide
1139 1135 1380 1218 dIgnissimorum
1402 1135 1682 1219 interseprorsus
1705 1139 1807 1202 eond-

214 1272 320 1330 aentes
356 1271 498 1347 tauquam
530 1263 627 1326 salsas
657 1262 810 1342 abjiceret.
868 1264 1056 1344 Quamquam
1087 1261 1177 1342 igitur
1209 1279 1343 1323 summac
1370 1261 1461 1341 hujus
1488 1261 1547 1324 riri
1574 1260 1738 1326 sententiae
1765 1264 1807 1326 ita

214 1407 341 1472 prorsus
369 1387 499 1467 accedo,
526 1393 561 1450 ut
589 1386 703 1449 ossium
730 1385 986 1466 regenerationem
1014 1405 1053 1448 ex
1081 1385 1149 1467 ipso
1177 1404 1246 1450 osse
1274 1391 1376 1448 ortum
1396 1385 1513 1448 trahere
1534 1405 1712 1467 persuasum
1733 1387 1805 1450 miri

214 1513 353 1590 habeam,
379 1517 479 1574 tamen
508 1511 535 1574 si
565 1515 704 1572 accurate
731 1511 938 1591 phaenomena
966 1528 985 1571 a
1006 1509 1106 1592 primo
1126 1509 1211 1572 initio
1233 1509 1456 1592 persequimur,
1478 1507 1569 1590 longe
1598 1510 1658 1574 alia
1679 1509 1804 1591 ratione,

213 1657 303 1721 quam
324 1656 386 1719 que
406 1636 553 1715 scarpo
574 1633 735 1711 arbitratus
756 1639 811 1710 est,
833 1653 853 1694 a
873 1639 981 1696 natura
1002 1652 1069 1696 eam
1091 1632 1195 1716 perfici
1218 1605 1350 1715 apparet

369 1759 586 1822 marineus
615 1758 763 1838 Scarpa
788 1757 975 1838 propositam
997 1776 1115 1820 maereo
1137 1756 1236 1820 studio
1259 1756 1391 1820 defendit
1412 1750 1600 1822 Leveille'e
1621 1758 1687 1842 (l),
1714 1759 1802 1826 etiam

209 1883 437 1948 Richerand
458 1881 521 1960 (2),
542 1881 718 1945 Jonrdan
742 1879 812 1968 (3),
836 1883 947 1944 Knox
969 1879 1037 1964 (d),
1058 1880 1148 1942 Bell
1170 1879 1238 1958 (5),
1261 1881 1358 1944 eidem
1379 1901 1413 1945 se
1436 1882 1625 1948 addixerunt.

337 2007 341 2018 '
367 2008 437 2070 «lam
459 2005 510 2068 alii
532 2004 724 2082 exstiterunt,
747 2004 799 2088 qui
821 2011 982 2088 utramque
1000 2003 1166 2067 docuinam
1188 2006 1266 2068 inter
1287 2025 1321 2068 se
1342 2005 1384 2068 ite
1406 2008 1590 2087 conjungere
1612 2014 1800 2088 conarentur,

208 2141 256 2210 nt,
278 2138 369 2214 prout
390 2150 444 2194 res·
462 2135 557 2206 esset,
576 2129 669 2192 modo
692 2128 908 2232 expansionem
928 2129 1056 2206 ossium,
1077 2127 1170 2192 ruodo
1192 2148 1290 2192 novae
1312 2129 1494 2193 substantiae
1518 2150 1625 2194 osseae
1644 2131 1800 2196 formatio-

209 2276 278 2318 nem
308 2276 346 2317 ex
368 2255 521 2337 periosteo
544 2253 611 2316 fieri
632 2257 806 2316 statuerent.
848 2254 982 2332 Boyer
1004 2251 1071 2328 (6),
1093 2253 1327 2332 regenerationis
1349 2253 1474 2316 modum
1496 2253 1622 2336 singulis
1643 2256 1800 2337 speciebus

208 2379 357 2456 necrosis,
387 2384 535 2461 quotquot
563 2375 744 2457 cogitatione
774 2375 845 2456 tingi
872 2381 1013 2457 possunt,
1041 2375 1096 2440 sed
1125 2395 1200 2458 quas
1232 2395 1336 2439 omnes
1370 2377 1403 2440 iu
1435 2378 1502 2458 ipsa
1534 2385 1642 2442 namra
1676 2380 1800 2444 manon-

207 2511 303 2567 strare
325 2502 447 2566 dillicile
468 2503 515 2579 sit,
537 2501 721 2564 constituens
742 2499 786 2562 ita
805 2500 965 2581 proponit:
987 2499 1015 2562 si
1037 2499 1154 2562 interna
1176 2505 1291 2563 tantum
1312 2499 1435 2564 lamella
1455 2501 1569 2565 ossium
1590 2503 1799 2568 tubulosorum

205 2631 378 2703 emomatur,
401 2631 555 2688 externam
576 2624 764 2699 mollescere,
786 2623 933 2684 tumetieri
955 2641 992 2684 ac
1014 2622 1165 2698 raretien'q
1195 2623 1242 2684 sin
1263 2643 1320 2703 per
1341 2631 1435 2686 totam
1456 2626 1621 2689 crassitiem
1642 2647 1678 2690 os
1700 2647 1800 2692 emor·

204 2757 290 2812 tuum
318 2749 373 2825 sit,
398 2748 514 2828 integra
540 2745 673 2809 medulla
694 2751 724 2807 et
744 2745 912 2826 periosteo,
934 2764 974 2806 ex
994 2744 1045 2807 his
1062 2745 1214 2808 materiem
1236 2744 1446 2825 gelatinosam,
1469 2747 1689 2812 albuminosam
1709 2771 1798 2815 exsu-

194 2873 285 2950 -dari,
313 2890 394 2955 quae
412 2871 444 2934 iu
466 2889 585 2934 osseam
607 2867 802 2932 substantiam
823 2867 911 2930 abeat
931 2873 1020 2951 atque
1041 2874 1127 2931 uetus
1151 2887 1188 2932 os
1209 2868 1422 2950 amplectatur3
1452 2868 1602 2933 destructa
1623 2872 1713 2934 simul
1735 2893 1798 2938 me-

202 2997 301 3074 dulla,
328 2996 384 3060 sed
404 2995 521 3076 integro
543 2993 713 3075 periosteo,
733 3011 771 3054 cx
792 2993 853 3055 hoc
872 2991 943 3056 solo
963 2992 1008 3069 id,
1032 2991 1115 3076 quod
1137 2991 1214 3070 dixi,
1243 2965 1411 3075 proticisci3
1433 2991 1590 3058 ducuom
1613 3001 1643 3058 et
1664 2995 1796 3060 medulla

201 3129 232 3185 et
260 3120 414 3203 periosteo
439 3118 554 3181 nnllam
583 3117 708 3180 omnino
727 3116 856 3180 exsistere
878 3116 956 3179 ossis
979 3117 1243 3197 regenerationem.
1286 3117 1404 3182 Ribes
1427 3117 1479 3198 (7)
1502 3125 1532 3182 et
1552 3112 1721 3184 Biclard
1744 3119 1797 3198 (8)

200 3246 328 3308 eandem
350 3244 430 3307 vum
451 3241 580 3322 ingressi
603 3246 689 3318 snut,
718 3245 807 3323 atque
830 3240 861 3302 in
883 3241 1004 3304 necrosi
1025 3241 1142 3304 interna
1163 3241 1321 3318 corticem,
1351 3243 1403 3325 qui
1425 3242 1585 3306 incolumis
1606 3245 1794 3326 remanserit,

202 3367 332 3432 emolliri
346 3374 376 3429 et
385 3365 533 3430 tumelieri
553 3365 678 3439 voluntr
700 3365 886 3428 inhocvero
909 3364 1079 3446 Scarpae
1100 3371 1227 3448 uterque
1248 3366 1454 3446 adversantur,
1477 3368 1560 3450 qnod
1584 3367 1721 3450 exempla
1743 3389 1795 3432 ex-

200 3499 281 3556 stare
309 3488 494 3554 contendunt
520 3488 635 3552 ossium
654 3507 712 3571 per
731 3494 826 3552 mum
848 3488 1011 3552 crassitiem
1034 3497 1253 3568 emortuorum,
1284 3509 1363 3572 qnae
1383 3509 1422 3553 ex
1443 3491 1595 3572 perioeteo
1618 3511 1724 3555 revera
1746 3513 1793 3556 re·

198 3620 340 3696 generata
361 3613 436 3690 sint,
465 3615 620 3695 eJectaqne
648 3613 779 3694 speciem
802 3613 924 3675 omniuo
946 3613 1056 3676 veteris
1078 3614 1156 3677 ossis
1178 3611 1365 3678 exhibuerint
1387 3614 1584 3696 omnibusque
1606 3615 1700 3694 hujus
1719 3617 1792 3678 emi-

198 3739 307 3802 nentiis
335 3737 476 3816 insignita
505 3736 627 3809 luerint3
654 3735 701 3798 sin
727 3755 806 3798 vero
828 3753 885 3816 per
914 3734 1034 3814 longius
1056 3742 1174 3818 tempus
1196 3743 1316 3800 maneat
1336 3735 1489 3816 necrosis,
1519 3737 1711 3800 corticem
1734 3758 1791 3800 ex-

198 3871 356 3927 ternum
378 3879 423 3922 ex
444 3865 556 3942 parte
578 3857 682 3920 solvi
704 3864 818 3941 atque
840 3857 1046 3919 resorberi
1069 3858 1237 3941 indeque
1258 3857 1791 3942 inaequalemfierisequestrem3

197 3987 278 4052 uude
300 3985 408 4072 salsam
418 3955 502 4048 illam
524 3979 697 4064 opinionem
719 3980 870 4043 inductam
892 4001 968 4060 esse,
990 3981 1077 4065 quasi
1098 3987 1223 4045 externa
1242 3981 1362 4046 lamella
1378 3981 1426 4045 hio
1447 4001 1511 4046 non
1533 3991 1668 4047 emortua
1691 3986 1788 4050 luerit.

200 4171 516 4194 m

358 4279 405 4354 (l)
423 4285 553 4347 Serapa
570 4295 597 4336 et
615 4285 799 4349 Lereille',
823 4285 902 4341 mem.
921 4287 954 4336 de
972 4287 1085 4352 playaiol.
1112 4288 1189 4337 etde
1207 4288 1274 4344 ebir.
1291 4294 1357 4348 prat
1384 4285 1456 4336 Parta
1475 4285 1554 4344 1804.
1573 4301 1600 4349 p.
1618 4287 1786 4348 245-256.

356 4368 401 4442 (2)
417 4373 627 4436 Richerand,
645 4389 749 4444 eeacgr.
767 4377 833 4428 ebir.
852 4382 916 4431 tom.
935 4377 972 4430 11.
991 4388 1018 4436 Ρ.
1037 4375 1082 4428 93.

356 4459 399 4530 (3)
417 4461 585 4522 Jourdan,
602 4461 664 4513 dlet.
684 4465 730 4514 dea
749 4479 786 4517 ac.
802 4463 873 4528 pndd.
892 4472 954 4519 tom.
972 4464 1044 4512 xlv.
1061 4471 1109 4518 ant.
1128 4459 1291 4514 extollatian,
1309 4475 1335 4524 ιν.
1355 4462 1416 4520 112

356 4544 398 4617 (4)
417 4549 529 4612 Knox,
546 4548 701 4612 lldinburgh
718 4553 832 4602 medical
850 4553 902 4602 and
919 4552 1031 4614 aurgical
1048 4551 1170 4614 Journal,
1188 4550 1259 4602 1822
1277 4559 1303 4601 at
1322 4550 1401 4609 1828.

355 4635 396 4704 (5)
414 4635 509 4699 Bell,
526 4635 766 4694 xnoeuennnnaa.
784 4643 805 4695 l.
824 4657 848 4694 e.
865 4655 893 4702 ιι.
910 4639 955 4693 38.

354 4723 396 4794 (6)
414 4726 504 4790 Boye
515 4741 544 4790 r,
562 4725 626 4775 alair.
645 4725 764 4784 Krankla,
782 4738 845 4778 tom.
862 4731 913 4786 111.
931 4741 958 4790 p.
976 4727 1039 4786 ³8⁶.
1057 4745 1116 4794 sqq.

354 4813 396 4882 (l)
413 4815 537 4878 Biber,
555 4813 619 4870 dict.
637 4815 683 4864 des
700 4831 737 4869 sc.
755 4817 851 4868 medie.
870 4827 935 4872 tuan.
952 4818 1064 4873 XXXV.
1081 4825 1130 4872 art.
1148 4815 1266 4881 adame,
1283 4830 1309 4879 p,
1319 4815 1382 4873 351.
1400 4815 1463 4869 ³⁵⁵.

355 4897 399 4972 (8)
417 4901 573 4966 edelard,
593 4910 665 4961 auat.
681 4902 803 4967 gdodnla
819 4919 847 4966 u.
861 4905 920 4959 517.
938 4933 975 4948 -
991 4906 1139 4959 Bdalard
1155 4915 1184 4958 at
1199 4908 1361 4970 Blandis,
1377 4906 1509 4956 additions
1526 4901 1543 4954 i
1560 4899 1650 4958 l'aaat.
1667 4905 1728 4970 gria.
1746 4907 1779 4958 da

198 4997 328 5058 Bishai.
344 5005 372 5055 v.
390 4989 452 5044 2³2·
