4768 5894
1362 502 1444 580 28ss

602 737 821 800 grugraeuama
842 736 949 782 vuum
970 715 1068 780 omnis
1089 733 1198 778 eorum
1219 713 1345 776 scientia
1367 713 1406 776 ad
1427 712 1525 778 solam
1554 717 1708 780 marnam
1736 715 1879 780 uecrcsiu
1904 715 2087 798 pertinebat,
2123 737 2207 804 agaae

603 843 723 908 ossibus
744 843 864 908 nudatis
886 842 935 905 vel
956 839 1120 904 vulneratis
1142 838 1259 915 exuite
1288 838 1383 901 altera
1411 838 1505 901 multo
1533 839 1693 904 obscurior
1723 839 1822 906 morbi
1850 841 1979 922 species,
2011 861 2091 926 quae
2118 842 2209 910 ultro

603 987 702 1051 neque
723 968 858 1034 laesione
880 973 1005 1029 externa
1024 964 1129 1041 oritur,
1150 963 1338 1045 maximeque
1361 981 1410 1040 aa,
1443 983 1521 1046 quae
1548 963 1692 1028 interiora
1721 964 1835 1028 cauum
1869 965 1999 1044 obsidet,
2032 985 2102 1030 cum
2134 966 2210 1032 eliis

603 1091 717 1154 morbis
739 1099 846 1154 uatma
867 1109 956 1173 quam
979 1088 1187 1170 diversissimis
1209 1086 1456 1150 contundebatur.
1500 1086 1549 1150 Ab
1571 1087 1657 1152 initio
1680 1087 1802 1152 demum
1824 1089 1918 1154 secadi
1946 1089 2066 1172 septimi
2094 1089 2207 1156 dauni

604 1217 734 1296 chirurgi
754 1217 845 1295 hujus
867 1213 989 1276 alterius
1011 1220 1149 1275 naturam
1170 1212 1276 1276 melius
1298 1211 1471 1293 perspicere
1493 1197 1668 1293 coeperunt.
1711 1213 1823 1276 Fabr.
1850 1214 2050 1278 Hildauus
2072 1214 2125 1296 (l)
2152 1215 2206 1280 ul·

603 1360 658 1404 cus
680 1340 840 1416 diutinum,
874 1337 957 1422 quod
979 1337 1011 1399 iu
1033 1357 1120 1400 mure
1142 1335 1271 1398 bominis
1300 1333 1518 1398 adolescentuli
1539 1335 1663 1399 sedebat
1684 1343 1713 1398 et
1735 1355 1804 1402 cum
1826 1357 1897 1402 osse
1920 1338 2127 1420 contingebat,
2160 1340 2208 1402 ite

603 1465 727 1542 sanavit,
748 1471 783 1527 nt
804 1483 840 1528 os
863 1463 1046 1526 denudatum
1067 1461 1185 1524 terebra
1206 1461 1389 1541 perforaret,
1418 1465 1593 1544 partemque
1625 1461 1704 1524 ossis
1728 1461 1760 1524 iu
1782 1481 1859 1526 cavo
1882 1461 2042 1526 medullari
2062 1463 2150 1526 sitam
2172 1471 2207 1526 et

602 1591 736 1672 undique
757 1595 926 1671 separatam
948 1587 1098 1650 eximeret.
1145 1584 1350 1646 Scultetus
1368 1581 1436 1663 (2),
1461 1603 1557 1666 quum
1579 1581 1690 1648 cariem
1711 1585 1802 1649 tibiae
1823 1586 2030 1666 inveteratam,
2050 1607 2128 1671 quae
2149 1607 2205 1652 us-

603 1715 716 1798 quein
737 1714 841 1776 tubum
862 1711 1057 1774 medullarem
1080 1709 1215 1790 patebat,
1241 1708 1361 1772 orendo
1385 1714 1415 1771 et
1447 1707 1583 1771 radendo
1614 1708 1765 1773 debellare
1794 1711 1905 1776 uuam
1933 1716 2059 1776 oouabrs
2087 1712 2202 1788 luisset,

603 1838 723 1902 turdcm
746 1837 904 1900 consilium
926 1835 1006 1916 cepit
1026 1841 1120 1898 totam
1142 1840 1257 1914 partem
1280 1833 1358 1896 ossis
1381 1833 1517 1894 allectam
1539 1833 1709 1908 aasmeudlr
1736 1833 1838 1917 itaque
1866 1853 1903 1900 os
1932 1835 2078 1900 incisione
2104 1836 2202 1900 denu-

604 1965 705 2029 datum
728 1961 864 2044 pluribus
887 1959 963 2022 locis
992 1958 1157 2040 perforavit
1191 1957 1390 2019 et‘ioramiua
1411 1975 1496 2020 serra
1514 1958 1631 2036 junxitr
1661 1975 1722 2041 quo
1750 1961 1847 2038 lactc,
1873 1959 1955 2023 inus
1982 1960 2104 2042 lougem
2120 1981 2203 2044 par-

602 2096 662 2152 tem
685 2105 803 2150 osseam
823 2085 956 2167 undique
977 2091 1145 2164 separatam
1162 2081 1297 2160 ·iuvenit;
1324 2101 1386 2162 ¹qua
1408 2088 1524 2144 exemto
1553 2081 1670 2146 sanatio
1698 2081 1786 2146 facile
1815 2085 1947 2166 perlecta
1974 2093 2030 2150 cst.
2079 2085 2153 2148 Job
2183 2105 2203 2150 e

603 2213 817 2274 Meeckren
840 2209 898 2294 (3)
920 2208 1026 2270 eadem
1048 2208 1164 2272 ratione
1188 2201 1370 2266 ex'bracbio
1391 2205 1514 2286 puellae
1534 2206 1694 2286 cujusdam
1718 2206 1848 2270 fistulam
1875 2227 1994 2274 osseam
2014 2209 2200 2275 uecroticaur

601 2337 718 2412 exemit,
741 2353 837 2417 eoque
860 2331 1105 2414 suppurationem
1129 2329 1288 2404 diutinam,
1312 2347 1389 2410 quiae
1417 2329 1448 2390 iu
1476 2349 1515 2392 ec
1542 2335 1618 2406 erat,
1646 2337 1680 2392 ut
1709 2331 1801 2394 vitam
1830 2351 1937 2413 aegrae
1959 2334 2103 2416 eriperet,
2134 2335 2199 2400 sine

491 2504 495 2524 .
602 2461 668 2524 ullo
691 2467 826 2524 motuum
848 2455 1026 2519 detrimento
1048 2453 1173 2516 sanavit.
1219 2451 1335 2514 Similia
1356 2452 1495 2532 exempla
1523 2453 1722 2536 separationis
1755 2475 1931 2538 magrrarum
1964 2459 2095 2538 partium
2118 2458 2194 2522 ossis

601 2584 733 2661 femoris,
755 2601 815 2666 qm
836 2587 935 2642 tamen
957 2595 1055 2662 neque
1077 2575 1241 2638 membrum
1261 2575 1383 2638 bravius
1406 2577 1518 2638 factruu
1538 2597 1637 2662 neque
1658 2597 1733 2642 usus
1755 2581 1823 2660 ejus
1843 2581 2004 2662 impeditus
2021 2582 2072 2660 sit,
2093 2603 2112 2646 a
2130 2583 2196 2644 Ca-

601 2709 689 2774 rolo
714 2703 871 2781 Ba'ttsd)
895 2710 924 2766 et
946 2704 1058 2764 Heus.
1083 2719 1101 2760 a
1122 2700 1385 2780 Roonbuyseu
1406 2699 1458 2777 (5)
1482 2709 1647 2766 memorata
1674 2711 1760 2780 sumt,
1791 2711 1820 2766 et
1848 2705 2075 2786 Ruysobtd)
2097 2707 2199 2772 tibiam

600 2833 742 2898 morbose
763 2830 961 2902 tumefactum,
984 2843 1061 2908 quae
1084 2823 1251 2904 cylindrum
1275 2841 1395 2890 osseum
1418 2833 1587 2888 emortuum
1609 2827 1789 2904 continebat,
1811 2827 1980 2893 delineavit.

761 2955 816 3018 llis
838 2953 927 3034 igitur
949 2949 1146 3032 pluribusque
1168 2947 1314 3010 similibus
1337 2947 1608 3035 observationibus,
1630 2970 1721 3033 quum
1743 2951 1929 3016 medicorum
1941 2954 2057 3018 animus
2078 2956 2199 3020 inlrauc

598 3081 753 3146 materiem
774 3095 939 3140 conversus
962 3079 1049 3148 esset,
1072 3072 1157 3134 initio
1179 3071 1293 3134 saeculi
1315 3071 1468 3152 praeteriti
1490 3072 1568 3135 alise
1590 3081 1782 3138 accesserunt
1792 3095 1905 3160 eaeque
1927 3079 2197 3160 numerosissimae,

599 3207 734 3288 ingentes
759 3201 876 3265 ossirm
905 3217 1047 3261 necroses
1076 3203 1106 3258 et
1135 3196 1391 3276 regenerationem
1421 3216 1474 3260 cas
1503 3197 1708 3280 insequentem
1729 3206 1926 3282 spectantes,
1959 3223 2035 3285 quas
2067 3205 2199 3268 Weid-

599 3347 710 3392 mauu
732 3325 793 3403 (i),
816 3325 855 3386 ad
877 3343 965 3406 quem
987 3322 1129 3383 lectorem
1147 3319 1279 3397 remitto,
1302 3321 1333 3382 iu
1356 3340 1449 3402 opere
1471 3341 1528 3384 suo
1551 3321 1683 3403 collegit.
1725 3324 1796 3386 daur
1817 3325 1959 3390 meliores
1976 3325 2059 3392 illius
2079 3335 2194 3411 tempo·

598 3454 642 3518 n'a
664 3449 772 3516 medici
792 3448 874 3511 illam
898 3446 988 3508 carici
1010 3445 1150 3525 speeiem,
1170 3463 1249 3526 quae
1273 3464 1311 3506 ex
1333 3453 1486 3526 sequestre
1509 3443 1628 3509 incluso
1652 3453 1714 3524 est,
1737 3455 1767 3510 et
1788 3467 1877 3531 quam
1907 3457 2025 3514 veteres
2047 3452 2195 3518 insonabi-

598 3579 659 3642 lem
681 3595 748 3639 esse
769 3592 827 3638 uec
848 3571 906 3634 nisi
929 3569 1131 3651 amputatione
1155 3535 1277 3632 membri
1301 3568 1398 3632 affecti
1420 3567 1487 3630 tolli
1506 3587 1600 3650 posse
1612 3569 1808 3648 crediderant,
1830 3560 1998 3638 accuratius
2015 3575 2193 3658 distinguere

599 3719 761 3783 curamque
783 3694 893 3760 exinde
913 3694 1059 3776 aptiorem
1083 3692 1244 3758 admovere
1266 3699 1441 3785 coeperunt.
1486 3693 1602 3756 Verum
1629 3701 1728 3759 umen
1759 3695 1851 3778 louge
1873 3699 1961 3764 etiam
1982 3717 2064 3766 uuuo
2085 3701 2195 3778 abeam

598 3833 738 3893 incerto
761 3821 956 3903 distincteque
978 3825 1084 3881 natura
1107 3815 1213 3894 morbi,
1236 3816 1274 3878 de
1297 3835 1358 3900 quo
1381 3817 1505 3900 agimus,
1522 3818 1648 3900 ‘cognita
1670 3826 1763 3896 esset,
1796 3821 1941 3905 multique
1963 3823 2060 3888 adhuc
2081 3827 2195 3890 ossium

599 3948 698 4016 morbi
719 3947 785 4010 sine
807 3943 899 4006 dubio
921 3944 980 4004 buc
1003 3941 1151 4004 referendi
1171 3941 1294 4005 nomine
1323 3941 1550 4018 »exustosiumpt
1578 3961 1639 4026 quo
1661 3945 1782 4008 nomine
1813 3945 2057 4028 degeneratioues
2079 3951 2196 4014 ossium

599 4093 689 4158 quam
710 4069 839 4134 mamme
860 4065 971 4143 variae,
993 4083 1061 4127 eum
1082 4064 1276 4127 tumescentia
1298 4067 1486 4145 conjunctae,
1508 4067 1721 4149 comprehendi
1739 4067 1888 4150 solebant,
1910 4089 2017 4154 parum
2037 4081 2195 4158 perspecta

601 4207 918 4229 ff

760 4299 801 4368 (l)
819 4301 886 4350 Fal·
894 4315 915 4354 r.
934 4299 1084 4350 lllldaui
1102 4297 1229 4350 observat.
1249 4305 1275 4345 et
1293 4304 1376 4348 curat.
1394 4297 1510 4362 chirurg.
1529 4307 1629 4354 centur.
1649 4301 1692 4350 tv.
1711 4301 1767 4355 oba.
1786 4303 1830 4357 91.

758 4389 798 4453 (l)
818 4389 1150 4438 Scultatiarmameut.
1169 4385 1283 4451 elalnrrg.
1301 4387 1444 4438 dmatelod.
1464 4387 1543 4440 1641.
1563 4389 1619 4443 oba.
1636 4389 1681 4440 ct.
1701 4391 1753 4444 tab.
1772 4391 1866 4446 vat.

759 4474 803 4546 (3)
821 4477 883 4526 Job
901 4491 916 4524 a
934 4477 1133 4538 illecebram,
1151 4475 1172 4528 1.
1191 4491 1215 4524 e.
1235 4491 1262 4540 p.
1280 4473 1343 4530 328.

758 4567 798 4634 (4)
818 4564 928 4620 carol,
947 4565 1042 4614 llatti
1064 4565 1178 4626 chirurg.
1198 4571 1269 4616 tract.
1289 4564 1334 4613 lv.
1354 4579 1410 4628 cap.
1429 4563 1455 4617 8.
1473 4581 1499 4628 p·
1518 4561 1580 4614 275.

758 4654 799 4722 (⁵)
821 4654 920 4704 lleur.
939 4668 954 4700 ι
972 4652 1219 4716 Roonlauysen,
1238 4652 1397 4706 lteillturen.
1415 4653 1553 4716 Ntlrnlaerg
1571 4651 1649 4706 lt'tt.
1667 4656 1716 4712 lib,
1734 4655 1756 4710 l.
1775 4673 1801 4724 p.
1821 4657 1882 4708 1²7.

757 4743 798 4809 (e)
817 4741 972 4807 Rapiat,
991 4755 1057 4792 mus.
1074 4749 1188 4792 anatum.
1207 4757 1234 4804 p.
1251 4740 1296 4794 94.
1316 4742 1359 4804 fig.
1377 4740 1404 4798 6.
1422 4741 1450 4818 ”Ι.Ι
1466 4740 1495 4796 8,

757 4828 800 4901 (¹1)
817 4831 1043 4890 Weidmauu,
1059 4829 1080 4879 l.
1099 4843 1122 4880 e.
1140 4845 1167 4892 p.
1181 4825 1231 4879 2'l.
