4768 5894
925 551 1008 624 uun

169 769 275 842 topere
296 766 448 824 smuotnrs
469 761 583 826 ossium
605 761 699 826 uranii
720 781 740 824 a
760 759 883 845 reliquis
906 760 1011 836 dillart,
1033 767 1067 822 nt
1089 776 1127 821 ex
1149 777 1186 820 ea
1206 757 1407 838 intelligatur,
1430 777 1485 822 cur
1505 765 1565 844 tarn
1587 759 1712 826 inertem
1729 761 1766 824 'in

166 885 204 947 iis
226 885 416 948 inflammatio
439 905 473 948 ss
494 883 647 960 exhibeam
669 905 767 969 nsque
789 886 828 948 ad
850 885 938 947 aliam
962 903 1025 946 rem
1046 882 1152 946 referri
1172 883 1232 944 hou
1250 882 1357 963 possit,
1379 881 1439 944 uisi
1460 882 1543 965 quud
1563 891 1694 963 systema
1712 905 1767 950 ue-

165 1027 274 1072 nusnm
295 1008 327 1073 iu
349 1008 386 1073 iis
409 1007 571 1073 admodum
592 1010 755 1092 praevalet.
799 1009 915 1072 Etenim
936 1027 1063 1088 magnos
1086 1008 1193 1070 dnutns
1215 1025 1347 1070 venosus
1377 1026 1395 1070 e
1424 1005 1527 1088 diplott
1550 1007 1666 1088 agredi,
1697 1009 1768 1078 nnl-

163 1131 209 1194 lrs
232 1151 306 1196 veru
328 1135 460 1214 majores
484 1135 608 1197 arterias
630 1133 748 1196 immitti·
767 1134 914 1196 videmos.
964 1131 1124 1211 Sanguinis
1153 1130 1290 1194 arteriusi
1320 1149 1359 1194 ax
1388 1129 1464 1192 dora
1494 1139 1602 1209 matrs,
1637 1153 1705 1198 unm
1737 1133 1767 1200 ir

162 1254 266 1317 tabula
287 1256 383 1320 vitrea
405 1257 564 1332 uansliouli
585 1257 766 1324 medullares
788 1276 935 1340 perquam
955 1255 1072 1336 augusti
1096 1255 1164 1330 siut,
1187 1255 1295 1336 eumuna
1317 1261 1431 1318 tautum
1462 1255 1554 1336 eopia
1580 1255 1676 1338 ingeri
1697 1265 1769 1338 put·

162 1385 214 1454 est,
237 1399 345 1460 pamm
367 1382 467 1459 major
488 1401 505 1443 e
526 1381 696 1462 periuranio
718 1381 750 1442 in
772 1380 904 1445 tabulam
926 1387 1088 1442 externam.
1133 1380 1252 1461 ltaque.
1286 1379 1368 1462 quod
1400 1397 1473 1444 ossa
1507 1379 1602 1444 manli
1623 1381 1769 1460 snguine

161 1502 330 1579 abundant,
363 1504 412 1567 sd.
429 1524 577 1568 venosnm
606 1504 734 1566 unanime
763 1505 951 1568 referendum
975 1512 1037 1580 est,
1071 1503 1204 1584 partibus
1238 1503 1437 1568 tinnientibus
1455 1504 1584 1583 jamjam
1606 1503 1767 1585 purusne

160 1625 220 1688 Sed
244 1626 388 1690 nivellae
409 1628 440 1690 in
462 1647 514 1705 re,
536 1629 600 1691 sive
622 1629 654 1691 iu
677 1628 753 1705 alia,
786 1649 864 1712 qnae
885 1629 983 1692 adbnn
1003 1647 1061 1690 nus
1085 1627 1191 1708 diglat,
1224 1645 1317 1692 neusa
1331 1633 1516 1710 quaerenda·
1533 1635 1594 1704 est,
1628 1647 1684 1692 aur
1706 1635 1768 1692 tam

160 1750 324 1830 exigusin
347 1751 466 1814 ossibus
489 1753 584 1814 uranii
604 1772 717 1817 novum
740 1771 857 1816 osseam
880 1752 1073 1816 substantiam
1096 1751 1284 1834 producendi
1305 1752 1518 1829 sennaser,
1546 1759 1626 1816 uerte
1648 1751 1768 1834 sapien-

158 1874 275 1938 tissime
297 1875 338 1937 its
360 1881 466 1938 namra
487 1876 627 1952 institnit;
650 1878 760 1962 qnippe
783 1877 917 1960 alioquin
939 1876 1060 1957 saepius
1082 1883 1238 1940 enostoses
1260 1876 1290 1939 in
1321 1875 1425 1938 uranio
1449 1875 1581 1940 omenta
1610 1877 1768 1958 messione

160 1997 338 2060 detrimenta
360 2000 484 2062 cerebro
507 2000 660 2067 interram.
706 2006 792 2083 Quas
813 2001 863 2066 bio
884 2001 1023 2082 exposita
1044 2006 1121 2076 snut,
1144 1999 1248 2064 sadem
1271 2000 1334 2062 tere
1357 1999 1540 2080 adcorpora
1559 2001 1766 2064 vertebrarum

159 2121 267 2186 reterri
300 2099 441 2202 possunt,
478 2123 508 2184 in
543 2124 650 2206 quibus
685 2132 714 2188 et
747 2125 821 2207 ipsis
854 2124 954 2206 magni
977 2123 1083 2187 duotns
1105 2123 1212 2186 venosi
1235 2122 1432 2204 reperiuntur,
1455 2143 1492 2186 su
1514 2142 1605 2208 saepe
1628 2124 1660 2186 in
1682 2125 1762 2188 uarie
1807 2172 1809 2180 .

73 2283 74 2286 =
161 2245 219 2308 late
253 2251 374 2327 patente
403 2246 479 2309 mira
501 2267 591 2331 quam
613 2249 723 2330 exigna
745 2249 902 2314 exsudatio
926 2267 1015 2312 ossea
1037 2247 1265 2313 inflammatoris
1286 2245 1318 2308 in
1340 2245 1475 2327 partibus
1498 2247 1691 2310 conterminis
1714 2247 1768 2310 de·

163 2368 370 2450 prehenditur,
403 2389 441 2432 ex
471 2391 532 2454 quo
566 2371 646 2434 idem
679 2373 829 2436 medullae
867 2372 1003 2454 spinalis
1024 2379 1113 2454 atque
1145 2389 1239 2452 supra
1275 2368 1402 2434 cerebro
1443 2369 1588 2448 diximus,
1621 2371 1769 2436 redundat

162 2493 364 2558 commodum.

321 2616 373 2680 Ad
392 2618 467 2680 baeu
488 2619 616 2680 maxime
639 2638 718 2695 ossa,
741 2620 875 2682 uranium
897 2619 967 2681 diuo
990 2624 1021 2680 et
1040 2617 1245 2680 vertebrarum
1267 2634 1407 2697 corpora,
1429 2619 1535 2680 referri
1558 2618 1662 2697 debet,
1684 2621 1768 2705 qnod

162 2716 255 2820 ¹vulgo
279 2740 380 2804 omnia
401 2759 471 2818 ossa
493 2741 584 2822 planu
606 2755 636 2802 et
665 2741 832 2822 spongiosa
860 2740 898 2802 ad
931 2740 1150 2821 regenerandus
1179 2745 1280 2821 partes
1311 2738 1434 2802 amissas
1463 2759 1571 2820 parum
1601 2749 1671 2823 spts
1701 2763 1770 2806 esse

163 2862 321 2940 dicnntnr3
343 2863 434 2944 longe
456 2864 535 2926 euim
557 2864 643 2927 aliter
665 2883 715 2927 res
737 2883 804 2928 sese
826 2863 916 2926 babet
937 2864 968 2927 in
990 2863 1036 2940 iis,
1059 2863 1091 2925 in
1113 2862 1221 2945 quibus
1243 2882 1306 2925 non
1329 2868 1487 2944 tantopere
1518 2873 1650 2944 systema
1671 2885 1767 2928 veno·

163 3005 231 3049 sum
252 2985 415 3068 praevalet
461 2988 628 3051 Memoriae
651 2989 730 3051 euim
752 2988 872 3070 prodita
894 2995 964 3052 snut
986 2986 1138 3067 exempla,
1171 2986 1202 3047 in
1231 2984 1339 3067 quibus
1368 2987 1497 3050 mulina
1518 3008 1590 3068 pars
1612 2989 1766 3071 scapulae,

162 3111 283 3174 neorusi
305 3112 471 3189 destructa,
493 3111 629 3174 restituta
651 3120 698 3175 est
719 3113 783 3189 (Ι).
838 3111 998 3192 Meding
1021 3109 1072 3189 (2)
1096 3129 1133 3172 ex
1156 3123 1281 3172 memor:
1304 3109 1461 3188 Dijoneus.
1486 3119 1557 3174 tona.
1580 3113 1647 3178 Vll.
1672 3111 1769 3192 1772,

163 3206 267 3298 &nm
288 3235 494 3310 memoratio
517 3255 578 3318 qno
600 3255 671 3317 pars
694 3235 772 3300 ossis
794 3235 882 3318 pubis
905 3241 1079 3316 regenerata
1101 3233 1147 3310 sit,
1171 3241 1258 3314 atque
1281 3232 1400 3314 ipsein
1423 3254 1502 3318 equo
1527 3237 1693 3316 fragments
1713 3256 1766 3302 us·

162 3359 204 3422 sis
227 3357 312 3422 ischii
334 3364 404 3439 post
426 3359 594 3440 quindecim
613 3361 676 3439 jam
701 3359 764 3422 dies
787 3359 952 3423 substantia
974 3358 1148 3422 intermedia
1170 3355 1376 3437 cartilagines,
1410 3359 1511 3422 multis
1541 3360 1629 3423 etiam
1651 3362 1766 3427 nucleis

163 3484 260 3546 osseis
283 3484 325 3564 (i)
348 3481 499 3558 instructa,
522 3481 638 3546 rennita
659 3483 779 3560 invenit,
801 3483 872 3547 licet
894 3483 1070 3565 suppuratio
1094 3481 1255 3544 admodum
1287 3480 1412 3563 eopiosa
1440 3484 1552 3546 luisset.
1604 3485 1769 3548 Fractnrae

164 3607 237 3670 oolli
259 3605 382 3669 femoris
404 3613 526 3668 sanatae
547 3606 723 3691 plerumque
746 3627 940 3690 permagnum
963 3606 1091 3690 indeque
1115 3606 1280 3667 deformem
1303 3603 1444 3667 exhibent
1465 3605 1591 3683 callum,
1620 3615 1710 3690 atque
1733 3608 1765 3670 in

163 3730 272 3792 linsibns
295 3725 602 3812 spongiosis'ossinm
625 3731 833 3794 tubulosornm
857 3731 991 3810 ingentes
1013 3729 1094 3791 hand
1117 3746 1187 3791 raro
1218 3727 1407 3808 reperiuntur
1437 3735 1605 3802 exustuses.
1651 3731 1697 3792 Ex
1720 3732 1766 3796 bis

166 4053 264 4114 spatio,
282 4051 352 4114 qnod
370 4051 495 4100 intererat
513 4052 582 4100 inter
598 4059 746 4113 utrumqne,
764 4052 909 4101 antistantia
926 4051 1053 4114 qnamlarn
1072 4050 1192 4111 mollior,
1211 4062 1331 4097 rasorum
1355 4045 1453 4111 majore
1479 4049 1555 4111 eopia
1580 4051 1700 4113 praedita
1726 4055 1766 4104 in·

164 4139 250 4202 deque
274 4141 368 4190 eoloris
392 4141 474 4202 magis
497 4140 640 4190 rubicundi
663 4141 889 4203 conspiciebatnrr
911 4140 1060 4204 superficies
1086 4141 1150 4188 ussls
1175 4140 1274 4187 cirrum
1294 4145 1439 4200 aperturam
1459 4138 1568 4199 vestigia
1586 4139 1692 4206 aliqua,
1716 4143 1763 4193 aed

168 4231 274 4292 exigna,
293 4229 472 4277 exundationis
491 4242 579 4278 osseae
598 4229 817 4278 inflammaturiae
835 4229 983 4278 exhibebat.

324 4313 364 4381 (l)
384 4315 534 4379 Cbopnrt
557 4317 601 4379 (de
620 4321 720 4367 neerosi
739 4334 788 4370 oss.
808 4334 833 4381 p.
853 4317 879 4370 ἵ.
911 4319 1036 4367 Gerousa.
1054 4317 1098 4365 in:
1118 4316 1250 4365 Anserles.
1269 4313 1399 4368 Abisaudl.
1418 4315 1462 4362 tur
1478 4321 1558 4376 prsut.
1577 4315 1687 4378 Aerem
1707 4321 1765 4374 Vol.

165 4407 207 4456 sl
234 4423 258 4471 p.
284 4403 359 4468 20⁵.)
380 4401 487 4466 juvenis
512 4407 673 4455 mentionem
699 4408 776 4468 ierit,
801 4407 846 4456 rui
870 4407 983 4454 maxima
1007 4419 1066 4468 para
1090 4405 1213 4466 scapulas
1238 4409 1371 4451 emortuae
1395 4401 1538 4465 exrlderit,
1568 4419 1718 4470 novumque
1736 4423 1765 4456 os

165 4495 339 4557 triangulare,
368 4492 483 4554 mobile,
511 4493 649 4556 tuleroque
673 4497 821 4545 elarirulae
846 4495 990 4542 inserviens
1008 4495 1124 4543 cibotum
1142 4495 1184 4546 sit.
1204 4515 1239 4528 -
1273 4489 1418 4541 Kartum
1438 4489 1472 4554 (l.
1492 4507 1515 4540 a.
1534 4507 1561 4556 p.
1579 4487 1623 4560 d.)
1642 4497 1765 4546 neurada

166 4590 191 4630 et
208 4583 432 4646 regenerationem
450 4581 585 4642 descripsit
602 4584 723 4645 scapulae
742 4587 821 4649 equi,
848 4599 926 4646 qurum
945 4584 973 4631 in
992 4598 1083 4630 museo
1102 4582 1249 4630 anatnmiro
1267 4579 1373 4628 salsulae
1390 4581 1566 4630 veterinariae
1584 4581 1763 4633 Berolineusis

166 4671 220 4734 ipse
240 4672 296 4722 ridi
322 4678 400 4734 atque
422 4670 567 4734 inquisitu
587 4671 754 4734 similemque
779 4689 868 4722 amium
886 4670 976 4720 laudat
995 4685 1027 4719 ex
1046 4669 1318 4724 incantamenta.
1337 4667 1390 4718 aud
1409 4670 1530 4738 anrglcal
1547 4667 1671 4724 Joumss.
1689 4673 1764 4734 April

170 4758 247 4811 roua.
266 4777 291 4826 p.
309 4757 371 4814 uu.

327 4841 371 4916 (2)
390 4845 545 4916 binding,
563 4846 663 4896 dissert.
683 4863 708 4910 p.
728 4845 763 4896 28
782 4856 808 4896 et
825 4848 869 4902 24.
889 4849 992 4915 epheso,
1011 4847 1084 4897 laud.
1102 4862 1129 4912 p.
1147 4845 1210 4898 85⁴.
