4768 5894
962 411 1039 542 nu

205 683 289 742 ertur
311 679 437 763 ejusque
458 677 491 742 iu
509 677 614 742 loeum
635 677 735 742 mollis
757 675 812 741 illa
832 677 997 742 substantia
1019 675 1199 740 carunculae
1221 675 1308 756 aedit,
1338 696 1374 740 ae
1395 679 1525 762 primum
1553 681 1674 764 quidem
1696 689 1726 748 et
1747 683 1796 746 lu·
1894 685 1902 702 ⁸

189 801 394 866 euleutissime
415 823 472 882 ea,
504 822 567 886 qna
588 803 723 866 neerosis
746 802 835 865 telam
858 801 1052 883 spongiosam
1074 803 1254 884 epipbyseos
1278 802 1401 884 attingit,
1429 804 1541 868 sensim
1573 825 1647 870 vero
1669 827 1725 888 per
1746 813 1794 872 to-

190 932 255 990 tum
277 925 435 989 eireuitum
456 927 608 1001 neerosis;
630 945 691 1011 qno
714 928 804 1004 laeto,
825 926 946 988 tandem
968 945 1004 990 os
1027 933 1194 988 emortuum
1216 927 1349 1010 undique
1371 935 1543 1008 separatum
1565 928 1597 990 iu
1620 929 1719 994 fistula
1741 951 1793 1012 os·

190 1069 244 1114 sea
264 1069 372 1114 reeens
395 1059 478 1129 orta,
501 1058 532 1114 et
552 1050 717 1116 substantia
738 1050 792 1114 illa
814 1049 921 1126 rubra,
943 1049 1081 1131 pulposa,
1109 1056 1250 1135 tanquam
1272 1051 1446 1114 membrana
1468 1049 1613 1134 quedam,
1647 1047 1794 1118 obvestita

185 1175 280 1255 jaoet.
323 1174 358 1238 Si
379 1195 435 1256 per
457 1184 574 1257 partem
594 1181 708 1238 tautum
732 1175 912 1256 diapbyseos
934 1175 1069 1238 neerosis
1091 1181 1181 1256 patet,
1203 1175 1318 1258 reliqua
1339 1195 1410 1258 pers
1433 1175 1497 1238 tubr
1516 1176 1690 1240 medullaris
1712 1196 1794 1241 nova

188 1299 355 1362 substantia
378 1319 466 1362 ossea
489 1299 678 1374 obliteratur;
708 1299 757 1362 sin
778 1318 834 1380 per
862 1305 956 1361 totam
982 1299 1117 1378 ejusdem
1138 1299 1370 1379 longitudinem,
1399 1298 1460 1362 tele
1482 1301 1646 1381 spongiose
1667 1301 1792 1382 epipby-

187 1441 259 1486 seos
282 1423 445 1486 substantie
467 1442 556 1487 ossea
583 1424 615 1484 in
644 1423 808 1505 parietibus
837 1422 1014 1486 cellularum
1048 1435 1154 1486 reeens
1188 1431 1330 1486 nascente
1364 1425 1488 1486 densior
1520 1431 1550 1488 et
1584 1424 1713 1488 solidior
1747 1425 1789 1488 tit.

189 1546 353 1610 Rarissime
374 1552 490 1609 tentum
510 1547 542 1608 in
565 1547 776 1628 experimentis
799 1545 906 1626 evenit,
928 1554 962 1610 ut
984 1548 1072 1610 etiem
1094 1547 1184 1627 hujus
1206 1548 1388 1628 spongiosos
1410 1547 1488 1612 telae
1500 1568 1571 1629 pars
1583 1547 1684 1631 alique
1706 1567 1790 1612 emo-

186 1670 299 1748 riatur3
321 1669 352 1734 in
374 1669 559 1747 neerosibne
582 1678 690 1752 sponte
711 1672 743 1734 in
765 1671 934 1735 bominibus
956 1671 1004 1734 vel
1027 1672 1058 1734 in
1081 1671 1258 1736 animalibus
1281 1672 1370 1749 ortis,
1391 1691 1561 1754 uunquam,
1584 1672 1666 1755 quod
1688 1673 1788 1749 seiam,

186 1793 247 1856 tale
269 1793 341 1877 quid
364 1793 557 1857 observatum
579 1800 632 1871 est,
655 1801 761 1878 etque,
783 1802 933 1878 quotquot
952 1795 1015 1857 vidi
1037 1814 1126 1858 ossea
1146 1805 1325 1878 praeparata
1345 1797 1405 1857 hue
1426 1796 1597 1873 referenda,
1619 1796 1651 1858 in
1674 1797 1788 1860 eunetis

188 1937 227 1980 eo
248 1916 320 1980 loeo
342 1919 478 1981 neerosis
500 1918 721 1996 terminabatur,
744 1939 805 2002 quo
828 1926 933 1982 cortex
955 1919 1047 1982 durus
1070 1920 1102 1980 iu
1124 1918 1214 1984 telem
1236 1918 1318 1982 illam
1341 1918 1535 2000 spongiosam
1557 1920 1670 1983 transit
1715 1919 1787 2001 Epi·

185 2041 297 2126 physis,
319 2044 406 2122 euJus
429 2042 521 2104 laeies
545 2041 713 2106 articularis
735 2062 791 2124 per
812 2049 908 2106 totum
931 2043 1019 2106 etiam
1042 2052 1167 2124 tempus,
1190 2062 1246 2124 per
1268 2043 1350 2125 quud
1369 2043 1562 2106 inflammatio
1585 2044 1680 2120 durat,
1702 2064 1787 2106 oom-

187 2165 296 2228 mutari
317 2185 381 2230 uon
403 2165 489 2244 solet,
511 2172 671 2250 postquam
696 2187 714 2227 a
735 2174 835 2230 vetere
858 2167 995 2248 diapbysi
1017 2173 1155 2249 separata
1177 2174 1230 2245 est,
1253 2187 1321 2228 eum
1343 2183 1429 2230 novo¹
1444 2169 1510 2246 jam
1521 2167 1627 2230 tubulo
1641 2167 1785 2248 osseoll)

189 2292 347 2370 eonjuneta
369 2297 505 2372 apparet;
540 2310 617 2375 quae
651 2292 825 2370 conjunctio
854 2290 924 2354 iude
950 2291 1078 2354 mariue
1108 2292 1135 2354 si
1163 2310 1226 2354 nou
1255 2290 1422 2372 perficitur,
1456 2291 1650 2354 eoniirmatur
1677 2299 1784 2368 nmen,

186 2413 268 2497 quod
290 2414 430 2477 formatio
453 2429 551 2478 novae
573 2415 756 2478 substantiae
778 2434 884 2479 osseae
906 2415 938 2478 in
960 2422 1084 2478 externa
1112 2415 1191 2478 ossis
1217 2415 1379 2496 superficie
1405 2415 1495 2477 letius
1518 2434 1607 2497 quam
1629 2415 1708 2478 intus
1730 2437 1784 2478 ue-

185 2538 281 2601 erosis
302 2545 393 2619 patet,
416 2559 452 2602 ae
474 2545 590 2620 partem
612 2539 700 2601 etiam
724 2539 904 2620 epiplryseos
927 2540 1059 2617 integrae
1082 2546 1220 2620 ooeupat.
1336 2512 1356 2521 η

343 2663 378 2724 ln
400 2661 504 2724 atibus
525 2661 676 2742 separatio
699 2661 834 2724 onerosis
857 2680 924 2722 eum
946 2661 1102 2724 manifesta
1122 2661 1339 2740 suppuratione
1358 2663 1464 2739 juneta
1492 2683 1555 2724 nou
1584 2671 1644 2739 est,
1679 2663 1784 2727 saltem

184 2783 309 2848 liuidum
330 2784 523 2865 purulentum
546 2789 630 2846 extra
652 2803 762 2864 eorpus
784 2802 848 2845 nou
870 2783 1002 2863 eJ'ieiturr
1024 2791 1160 2858 attamen,
1183 2783 1209 2844 si
1231 2783 1399 2846 accuratius
1422 2803 1485 2846 rem
1504 2785 1716 2858 examinamus,
1738 2787 1784 2848 in-

184 2915 232 2970 ter
252 2906 389 2970 tubulum
411 2909 597 2970 neerotieum
618 2907 838 2990 pulposamqne
861 2908 1053 2970 ranunculum
1075 2906 1197 2968 rubram
1227 2906 1420 2986 perexigusm
1448 2907 1615 2970 invenimus
1645 2909 1783 2972 substan-

183 3031 244 3094 tiae
265 3050 303 3093 ex
326 3031 427 3094 albido
450 3032 636 3095 flaveseentis
659 3032 794 3113 sopiam,
828 3051 905 3115 quae
938 3031 1108 3111 organiseta
1130 3049 1193 3093 non
1206 3047 1207 3059 ¹
1222 3039 1287 3106 ost,
1321 3050 1408 3092 cerae
1436 3032 1500 3098 lere
1529 3031 1659 3113 speeiem
1682 3033 1782 3110 relert,

183 3153 340 3240 idemque,
361 3154 446 3238 quod
468 3176 540 3237 pus,
562 3155 663 3218 valere
687 3163 820 3236 apparet
872 3157 907 3218 ln
930 3154 1076 3218 eunienlis
1096 3154 1226 3218 secretio
1248 3154 1333 3235 puris
1360 3161 1395 3216 ut
1415 3155 1578 3238 plurimum
1600 3156 1708 3236 exigua
1729 3157 1784 3220 ad-

182 3279 242 3342 hue
263 3285 317 3357 est,
340 3285 469 3342 attamen
491 3299 582 3360 saepe
604 3279 754 3360 gignendo
777 3279 930 3342 abseessui
952 3279 1071 3357 suffieit,
1094 3279 1146 3361 qui
1168 3285 1273 3359 ruptus
1302 3299 1426 3360 parvam
1456 3280 1516 3342 viru
1539 3279 1622 3360 puris
1645 3279 1782 3344 edmrditt

184 3403 353 3486 diligentius
376 3403 575 3468 examinando
598 3403 675 3466 iuter
702 3403 833 3466 modam
863 3409 1028 3466 emortuam
1061 3411 1091 3464 et
1124 3402 1318 3466 earamoulana
1349 3404 1470 3466 rubram
1498 3403 1623 3468 materia
1650 3424 1783 3480 esseosa,
1841 3457 1845 3464 .

183 3525 281 3610 qualis
302 3526 372 3607 puri
394 3527 601 3592 cuniculorum
623 3529 747 3610 proprie
777 3536 835 3605 est,
868 3527 1110 3609 deprehendimur.
1164 3529 1200 3590 ln
1233 3527 1439 3592 mammulibus
1470 3527 1610 3590 altiorum
1643 3528 1783 3592 ordinum

182 3655 331 3731 perpetuo
353 3652 529 3731 suppuratio
553 3652 660 3730 existit,
682 3659 712 3715 et
733 3671 885 3734 numquam
913 3671 977 3713 non
999 3651 1236 3714 luculentissima
1257 3659 1320 3724 est;
1352 3670 1411 3730 pus
1438 3650 1545 3729 partim
1575 3669 1611 3710 ex
1642 3657 1783 3729 apertura

184 3772 223 3836 ad
247 3773 458 3837 destruendam
481 3775 643 3837 medullam
665 3777 743 3837 laeta
765 3743 934 3848 effunditur,
956 3774 1062 3854 partim
1085 3773 1177 3835 variis
1199 3773 1276 3834 loeis
1300 3771 1457 3834 abscessus
1479 3771 1580 3850 gignit,
1602 3771 1653 3851 qui
1673 3789 1781 3834 omnes

181 3916 278 3984 usqne
301 3897 340 3960 ad
361 3897 494 3973 limitem,
516 3897 568 3980 qni
589 3898 667 3960 inter
689 3904 839 3960 emortum
858 3895 1005 3978 *vivasque
1026 3903 1128 3977 partes
1150 3902 1203 3971 est,
1225 3893 1401 3975 perducunt,
1423 3893 1551 3976 indeque
1583 3901 1683 3956 ortum
1705 3914 1782 3977 qno-

182 4039 242 4106 que
263 4028 436 4098 traxerunt3
458 4020 623 4105 iisdemque
644 4021 721 4086 loeis
744 4021 892 4086 loramiua
912 4022 1030 4100 majora
1058 4020 1213 4082 minorave
1242 4019 1273 4080 in
1301 4039 1384 4082 novo
1405 4037 1476 4082 osse
1498 4017 1641 4094 esistunt,
1673 4019 1782 4100 quibus

183 4144 335 4211 eloaois
356 4165 467 4212 nomen
489 4146 615 4210 inditum
638 4153 693 4210 est.

341 4267 447 4347 Ejeeta
467 4271 568 4334 fistula
586 4277 725 4336 emortua
746 4269 857 4334 sensim
878 4289 937 4351 pus
957 4269 1075 4334 seeemi
1097 4275 1202 4347 cessat,
1236 4267 1415 4332 eieatrisotio
1437 4266 1502 4330 lieri
1535 4265 1654 4348 incipit,
1687 4273 1783 4332 totus·

183 4411 242 4478 que
263 4411 424 4475 processus
445 4393 606 4458 morbosus
628 4395 717 4458 tinem
739 4400 894 4459 mseeutus
916 4401 970 4458 est.
1014 4394 1148 4460 Fistnlae
1171 4399 1324 4458 emortuae
1343 4391 1517 4473 superficies
1539 4411 1647 4473 aspera
1669 4399 1700 4456 et
1716 4405 1782 4454 tau-

344 4639 385 4708 (1)
405 4645 494 4700 Quum
512 4657 576 4692 rnre
594 4657 635 4706 ‚oa
654 4645 778 4710 nornm“,
801 4655 832 4697 ut
849 4655 889 4696 est
906 4645 1034 4710 loquendi
1052 4661 1132 4703 usus,
1150 4645 1200 4692 boe
1225 4643 1286 4692 loro
1305 4650 1378 4706 utor,
1406 4657 1459 4692 non
1477 4641 1528 4692 lroe
1545 4643 1623 4702 volo,
1650 4648 1736 4688 totum
1753 4655 1781 4688 aa

183 4732 432 4788 munimntum
451 4747 517 4795 erae,
535 4731 582 4781 sed
599 4740 721 4783 ranetam
737 4736 859 4798 intellige
878 4737 1052 4786 substantiam
1069 4748 1179 4796 osseam,
1197 4747 1264 4796 quae
1283 4741 1398 4796 reparata
1417 4731 1519 4782 neerosi
1537 4731 1641 4778 intem
1656 4735 1781 4795 remanet,

182 4825 212 4877 lt.
230 4839 253 4875 e.
272 4839 326 4874 uon
344 4822 430 4872 solunt
448 4837 517 4885 eam,
535 4835 602 4885 quae
619 4835 710 4870 reeens
729 4831 820 4872 exorta
838 4833 885 4888 eat,
903 4825 950 4874 red
968 4826 1048 4874 etiam
1064 4831 1162 4888 partem
1179 4822 1282 4872 sortitis
1300 4819 1370 4884 duri,
1389 4836 1456 4886 quae
1475 4819 1535 4868 riva
1551 4817 1644 4866 relicta
1663 4825 1716 4878 eat;
1737 4831 1782 4866 eo.

184 4913 295 4978 demque
313 4925 392 4962 sensu
409 4911 459 4960 illa
476 4927 541 4962 rore
559 4911 640 4960 etiam
658 4913 688 4962 ln
706 4913 877 4975 sequentibus
895 4923 965 4964 uter.

1366 5009 1408 5076 ³1
