4856 5896
965 2387 1053 2450 ΟΑΡ.
1077 2389 1115 2450 V.

573 2476 806 2606 cunnum
835 2529 1042 2608 ossium
1071 2530 1410 2606 counosrnro
1439 2535 1458 2626 (
1486 2536 1514 2626 ).

244 2697 533 2847 Quemadmodum
554 2757 669 2822 viribus
692 2758 842 2838 organicis
864 2757 1009 2837 singulari
1031 2757 1164 2838 quodam
1186 2759 1369 2822 incremento
1391 2777 1431 2822 ex
1452 2757 1633 2840 cartilagine,
1656 2767 1767 2822 terram
1789 2779 1840 2824 os·

240 2901 324 2946 seam
344 2881 518 2962 excipiente,
541 2879 690 2978 primitiva
712 2899 783 2944 ossa
805 2881 871 2942 lieri
890 2879 1035 2955 vidimus,
1062 2879 1108 2944 sic
1135 2878 1240 2942 eedem
1268 2879 1407 2946 chemicis
1438 2881 1469 2942 in
1497 2881 1571 2944 haec
1600 2881 1661 2946 dno
1684 2883 1839 2958 clemente,

241 3004 443 3084 cartilaginem
466 3011 495 3066 et
516 3010 620 3080 terres,
642 3003 758 3066 secerni
780 3010 919 3084 possunt.

401 3126 554 3206 Gartilego
577 3126 755 3202 secernitur,
786 3126 812 3188 si
840 3145 876 3188 oe
899 3125 987 3188 ooido
1007 3143 1086 3189 mur.
1110 3124 1206 3188 diluto
1229 3132 1406 3203 tractamus,
1435 3145 1496 3209 qno
1526 3127 1626 3189 soluta
1648 3134 1729 3189 terra
1751 3147 1839 3191 ossea

242 3251 394 3330 cartilago,
417 3249 522 3311 illoesa
533 3255 691 3324 structura,
715 3247 823 3325 albida,
846 3249 953 3314 flexilis
976 3255 1006 3310 et
1028 3247 1151 3312 clastica
1173 3256 1286 3324 restat;⁴
1300 3231 1388 3331 quae,
1411 3267 1466 3334 per
1489 3250 1613 3332 aliquod
1631 3257 1749 3331 tempus
1761 3272 1841 3333 eque

242 3375 388 3448 immense,
409 3371 561 3453 pellucido
582 3372 668 3435 tit-et
690 3371 824 3434 subfusci
847 3371 975 3446 coloris,
1008 3372 1120 3434 siccate
1141 3373 1173 3434 in
1195 3392 1228 3434 se
1250 3372 1347 3452 ipsam
1370 3373 1571 3449 contrahitur,
1601 3393 1637 3435 ac
1664 3363 1777 3454 lra'gilis
1807 3375 1840 3436 tit

243 3504 273 3559 et
294 3496 459 3576 pellucida;
482 3514 561 3577 aqua
583 3501 670 3558 coctu
691 3494 763 3556 sutis
785 3494 847 3558 cito
870 3493 1007 3571 solvitur,
1030 3501 1119 3577 atque
1141 3496 1173 3557 in
1194 3495 1355 3574 gelatinam
1377 3495 1502 3573 clerani,
1533 3496 1619 3558 nullo
1649 3497 1754 3560 colore
1782 3497 1839 3559 tin-

242 3627 320 3682 ctam
342 3619 411 3695 ubit,
428 3618 536 3682 relicte
559 3618 667 3698 exigue
689 3609 942 3698 copia'mcteriae
963 3617 1102 3694 libiosae,
1125 3637 1203 3699 qnae
1224 3638 1288 3680 non
1310 3618 1439 3698 amplius
1461 3626 1593 3680 mutetur
1614 3628 1644 3681 et
1674 3621 1838 3684 secundnm

243 3742 463 3804 Berzeliurn
484 3742 564 3804 vcsis
586 3749 712 3804 constat
757 3741 814 3804 llic
835 3740 939 3820 gluten
961 3739 1028 3804 sola
1050 3759 1171 3822 quoquc
1193 3741 1340 3816 coctione,
1363 3760 1399 3802 ac
1420 3741 1528 3804 melius
1551 3742 1640 3802 etiem
1669 3761 1729 3820 ope
1757 3743 1838 3819 dige-

242 3866 333 3930 storis
356 3865 519 3947 Papiniani,
542 3884 580 3926 ex
603 3863 721 3926 ossibus
743 3863 921 3937 recentibus,
944 3862 1037 3924 acidis
1060 3869 1148 3923 antee
1169 3881 1232 3924 non
1254 3863 1348 3939 tactis,
1372 3863 1485 3923 extrahi
1508 3869 1619 3942 potest.

400 3991 495 4050 'lema
517 4006 606 4050 ossea
633 3985 683 4048 vel
712 3985 813 4048 solnta
840 3985 985 4064 accipitur
1013 3984 1199 4048 secernenda
1226 3984 1413 4064 cartilagine,
1447 3985 1495 4047 vel
1524 3985 1721 4050 culcurstione
1754 3990 1839 4065 ossis,

206 4147 210 4152 ·
243 4133 302 4198 qua
321 4121 423 4193 partes
445 4110 587 4174 nnimalcs
610 4114 846 4184 con'remantun
869 4107 1061 4190 relinquimn
1083 4108 1215 4190 quodsi
1237 4115 1323 4172 caute
1346 4108 1387 4185 tit,
1409 4108 1459 4170 liic
1481 4127 1602 4192 quoqne
1614 4117 1765 4174 structura
1776 4131 1839 4174 uon

242 4237 378 4300 laeditur.
425 4237 551 4297 Constat
570 4232 731 4295 maximum
752 4239 868 4311 partem
890 4230 965 4292 cnlc.
988 4231 1117 4312 phosph.
1141 4231 1214 4308 cus,
1238 4231 1312 4295 calc
1336 4232 1429 4306 carb,
1452 4239 1609 4312 practerea
1632 4233 1837 4313 exignamco-

244 4363 323 4442 piem
338 4359 508 4440 magnesiae
520 4357 695 4438 phosphor,
706 4353 798 4418 cnlc'n
810 4355 907 4430 fluor,
930 4353 1039 4416 cnloer.
1051 4354 1148 4434 sulpit.
1162 4363 1193 4417 et
1203 4362 1280 4418 iratr.
1292 4355 1426 4436 stilphur.
1440 4355 1587 4430 contium
1611 4357 1728 4420 ociduui
1740 4339 1838 4422 iernen

402 4634 661 4707 (nitescentis,
680 4637 821 4690 uturum
839 4640 865 4694 d.
884 4639 1002 4701 clreicis,
1023 4639 1109 4691 ntem.
1130 4655 1154 4691 v.
1173 4637 1352 4700 Woelrler,
1371 4637 1474 4704 num,
1492 4643 1595 4705 Atrutg.
1617 4643 1638 4704 l,
1657 4657 1681 4705 p.
1701 4641 1752 4692 441
1764 4651 1836 4705 etaq.

402 4729 552 4792 timelio,
570 4727 696 4780 flutmct.
715 4729 762 4776 der
779 4729 863 4782 litent.
883 4729 1000 4790 Clterale,
1019 4729 1066 4780 ild.
1086 4728 1122 4792 11,
1140 4727 1218 4779 Atriis.
1238 4728 1274 4790 ll,
1292 4741 1350 4792 pag.
1370 4727 1441 4780 1³5⁹
1460 4737 1486 4780 et
1504 4747 1543 4794 sq.

373 4873 378 4884 Ι
403 4817 503 4866 Schre
510 4832 580 4878 ger,
599 4817 793 4864 osteoehemine
812 4819 954 4878 specimen,
973 4817 1125 4878 viri-tergm
1145 4817 1224 4870 1810.

402 4901 604 4967 nitentur,
623 4903 685 4953 diss.
703 4905 797 4952 sistens
814 4903 952 4968 nisqutstr.
972 4905 1058 4958 ehem.
1078 4906 1174 4954 ossium
1190 4903 1299 4958 human.
1318 4905 1436 4973 Gottlug.
1458 4903 1535 4956 1828.

405 4991 657 5055 llildelmutit,
673 4994 751 5046 Aust.
770 4991 891 5061 henusg.
910 5007 936 5046 r.
951 4993 987 5045 11.
1006 4991 1041 5047 11.
1060 4991 1200 5056 Weber,
1218 4993 1266 5047 lid.
1285 4991 1319 5056 l.,
1337 5009 1362 5058 p.
1380 4991 1444 5046 ³12.
