4784 5894
1379 474 1454 550 toa

767 687 806 776 ⁵·
852 685 948 745 Num
983 681 1118 745 existit
1149 680 1292 755 oaiius,
1326 681 1612 762 querndicuut,
1646 683 1915 762 provisoriusi
1953 684 2117 764 Distinctio
2145 688 2216 752 inter

615 817 743 892 caiimn,
773 810 825 892 qui
854 808 892 870 ad
915 815 1031 886 tempus
1061 811 1173 866 tantum
1198 803 1302 884 duret,
1333 811 1362 868 ei
1383 813 1621 884 permanentem,
1655 806 1825 886 primumn
1853 808 1908 868 Du
1913 815 2090 888 puytren
2108 831 2216 893 propo·

615 927 2216 1013 umrmmmmmmmbmffimmmmfflmfflewfflffismmaw.Qmmm

614 1051 1254 1137 immmmmmmdmfflwmmi

774 1181 836 1243 Sub
859 1178 981 1240 nomine
1004 1175 1095 1238 celii
1118 1175 1338 1255 provisorii
1361 1194 1427 1236 eam
1449 1182 1564 1238 tantum
1587 1195 1705 1238 osseam
1728 1177 1939 1240 formationem
1961 1177 2132 1260 intelligere
2148 1201 2213 1261 pos·

614 1331 731 1385 stemus,
754 1324 831 1389 quae
853 1300 1046 1364 solummodo
1069 1319 1125 1378 per
1147 1305 1401 1378 certarntempus
1425 1298 1548 1374 existet,
1569 1307 1614 1374 et,
1637 1301 1681 1363 nti
1703 1301 1873 1365 necessitati
1897 1300 2015 1362 cuidam
2040 1305 2081 1365 ad
2105 1317 2214 1384 tompus

614 1433 731 1501 duranti
761 1435 861 1493 orbam
890 1424 1005 1498 debuit,
1036 1423 1088 1498 sio,
1118 1421 1236 1484 subiate
1264 1423 1456 1498 necessitate,
1485 1441 1610 1502 prorsus
1641 1431 1809 1488 evanescat
1863 1423 1957 1505 idque
1987 1425 2213 1502 Dupuytreu

614 1561 692 1626 baud
722 1555 811 1618 dubie
840 1549 1002 1624 intellexit,
1031 1567 1122 1628 quum
1153 1545 1264 1608 cellum
1292 1546 1444 1626 periosteo
1468 1553 1497 1607 et
1519 1546 1693 1610 nrembrana
1714 1546 1873 1610 medidiari
1897 1546 2058 1610 oseificatis
2082 1553 2212 1606 exortum

614 1693 718 1769 postea
740 1695 866 1760 prorsus
876 1671 1028 1736 resorberi
1050 1669 1154 1745 voluit,
1178 1671 1315 1750 idemque
1338 1669 1619 1732 sentiuntilrodie
1643 1677 1672 1734 et
1694 1671 1840 1734 Weber.
1886 1670 2075 1734 Bresciret
2094 1673 2123 1730 et
2141 1667 2213 1726 Vil-

612 1801 728 1872 terme
757 1801 883 1865 candent
913 1794 1032 1878 quidem
1058 1793 1257 1860 differentiam
1280 1799 1426 1867 statuunt,
1455 1794 1572 1859 cautius
1596 1803 1698 1856 tamen
1726 1793 1917 1861 solummodo
1949 1792 2146 1856 substantiam
2168 1809 2213 1850 os·

614 1953 695 1995 seem
724 1931 753 1991 in
777 1925 851 1987 tubo
875 1917 1032 1986 rneaiuiiori
1055 1916 1230 1979 exsudatam
1253 1924 1345 1978 totam
1370 1918 1535 1991 resorberi,
1558 1925 1713 1987 externum
1737 1939 1810 1980 vero
1835 1929 1981 1980 iuniorem
2006 1915 2131 1979 diminui
2154 1924 2212 1974 ten·

612 2039 2212 2128 mmmmwmfflw.Qffmmmmmmmmmmmmwfflmmm

613 2201 688 2242 rem
717 2184 747 2236 et
775 2171 960 2234 seriorem
988 2166 1170 2244 &interiere
1208 2163 1363 2236 debemus,
1398 2183 1527 2243 quorum
1550 2165 1635 2244 prior
1657 2184 1693 2226 ea
1721 2165 1872 2242 exoritur,
1905 2183 1965 2246 que
1982 2162 2117 2226 nutritio
2140 2161 2212 2221 ossis

612 2308 742 2366 fractura
771 2313 833 2356 tren
864 2291 982 2352 arrhata
1009 2297 1068 2356 est.
1098 2289 1127 2348 ir.
1157 2309 1182 2348 e.
1206 2305 1242 2347 ea
1265 2293 1324 2368 que
1347 2286 1529 2366 periosteum
1553 2287 1651 2348 edituo
1674 2289 1814 2350 adhaeret
1837 2301 1867 2350 et
1889 2289 1918 2350 in
1949 2287 2110 2366 superlicio
2139 2284 2210 2346 ossis

614 2430 728 2488 interna
757 2439 782 2481 s.
812 2413 978 2486 medullari,
1001 2411 1077 2474 alter
1097 2425 1171 2472 vero
1194 2410 1224 2472 in
1254 2409 1413 2488 superficie
1442 2410 1546 2475 linitam
1575 2411 1737 2472 fractorum
1766 2411 1917 2492 periosteo
1947 2411 2099 2473 denudato
2128 2417 2211 2490 etque

614 2553 642 2611 iu
672 2547 745 2627 ipsis
773 2539 955 2620 marginibus
984 2537 1147 2606 tracturae,
1183 2531 1309 2604 simulac
1337 2551 1443 2596 eorum
1480 2553 1554 2598 vasa
1582 2554 1650 2596 cunr
1678 2535 1760 2596 uasis
1787 2537 1917 2615 partium
1945 2535 2083 2598 mollium
2112 2551 2210 2596 rursus

613 2671 877 2750 auennensem
933 2659 1047 2720 Verum
1075 2657 1171 2724 callus
1200 2655 1252 2716 iiie
1283 2657 1366 2735 prius
1390 2657 1534 2732 existere,
1568 2658 1616 2720 cui
1647 2659 1774 2723 trrauirne
1811 2657 1984 2738 respondet,
2019 2660 2104 2740 quod
2139 2659 2208 2718 Du·

613 2801 774 2877 puytren
800 2786 866 2848 >roni
895 2782 1080 2865 provisoire«
1110 2779 1287 2860 appellavit,
1316 2799 1378 2840 non
1401 2779 1590 2844 transitorius
1613 2789 1671 2856 est,
1694 2781 1746 2843 sed
1771 2782 1871 2861 potius
1894 2801 2078 2862 nragnopere
2102 2781 2210 2843 eonion

611 2922 648 2980 ad
684 2906 904 2997 pemranentonr
926 2909 1161 2987 iraprnentoruur
1193 2903 1380 2966 reuniouem.
1438 2904 1528 2965 iileee
1563 2925 1610 2968 mo
1639 2905 1861 2986 disquisitiones
1890 2925 2009 2986 serupor
2040 2907 2209 2974 domuerunt,

611 3045 698 3104 teiam
739 3053 857 3098 osseam
897 3049 1008 3109 trovam
1041 3025 1134 3090 sornel
1175 3027 1332 3088 iornmiam
1374 3045 1549 3105 permanere
1587 3029 1747 3108 omniaque
1790 3029 1970 3090 evolationis
2012 3029 2126 3104 stedIa,
2164 3045 2209 3088 os·

610 3168 686 3226 sium
711 3159 842 3242 propria,
880 3171 1072 3234 percurrere:
1115 3160 1203 3230 atque
1231 3151 1286 3212 itae
1316 3150 1381 3229 ipsa
1405 3150 1596 3226 evolutione,
1630 3171 1728 3231 neque
1757 3171 1830 3213 vero
1865 3152 2055 3215 revolutione
2085 3150 2209 3233 quadam

610 3293 651 3360 iit,
675 3298 706 3346 nt
729 3283 823 3344 celius
847 3280 876 3339 iu
900 3277 972 3338 tubo
998 3272 1154 3336 medullari
1180 3291 1283 3334 rursus
1307 3283 1472 3348 evanescat,
1497 3273 1534 3336 de
1548 3294 1608 3354 quo
1631 3293 1722 3354 supra
1747 3296 1775 3354 p.
1796 3273 1866 3338 139.
1891 3276 1984 3338 insius
2009 3275 2209 3356 exposuimus.

611 3413 642 3472 Si
672 3411 716 3482 id,
746 3404 829 3487 quud
858 3411 944 3462 exitis
975 3399 1076 3477 priore
1105 3396 1172 3496 calli
1206 3396 1383 3458 formatione
1414 3397 1548 3474 lingitur,
1578 3417 1615 3457 ex
1647 3365 1713 3476 iege
1736 3399 1862 3479 quadem
1887 3410 2011 3460 araturae
2035 3399 2075 3460 ad
2098 3407 2209 3478 tempus

608 3545 721 3597 tanturn
751 3530 884 3598 duraret,
913 3524 945 3584 id
973 3540 1107 3600 seraper,
1138 3518 1411 3600 quomodocunque
1442 3519 1559 3601 reliqua
1581 3539 1648 3584 sese
1671 3522 1815 3598 babeant,
1839 3541 2017 3584 evanescere
2042 3527 2207 3603 oporteret;

609 3671 639 3720 at
664 3676 736 3723 tero
760 3675 776 3713 e
799 3651 924 3722 ratione,
947 3666 1007 3730 qua
1029 3647 1195 3723 fragmenta
1219 3642 1275 3704 sibi
1298 3642 1530 3724 superimposita
1552 3645 1737 3720 muniuntur,
1760 3645 1829 3706 iuee
1851 3646 1962 3708 elarius
1991 3653 2130 3727 apparet,
2159 3661 2206 3722 ere

608 3795 724 3846 ternum
752 3777 836 3838 iilum
866 3773 975 3834 caiirnn
1006 3769 1137 3850 ,morem
1166 3788 1256 3849 quarn
1290 3768 1417 3830 maxime
1440 3770 1579 3832 conferre
1602 3739 1656 3830 ad⁸
1663 3779 1885 3849 permanentem
1909 3771 2100 3844 municimen
2124 3776 2206 3848 atqua

608 3908 637 3966 iu
662 3921 700 3962 eo
723 3919 783 3960 uon
809 3898 922 3970 rubrus,
943 3913 1034 3977 quarn
1057 3893 1087 3957 in
1110 3893 1226 3974 reliquo
1250 3893 1338 3966 cailo,
1364 3913 1438 3954 eave
1461 3893 1639 3954 medullaria
1661 3895 1779 3972 majora
1804 3895 1886 3966 oriri,
1910 3913 1967 3956 nec
1990 3915 2122 3977 unquam
2144 3909 2208 3952 eum

608 4029 762 4106 disparere
784 4019 912 4080 vidimus
935 4017 1011 4097 (vid.
1036 4015 1109 4078 Tab.
1126 4017 1147 4077 1.
1173 4017 1222 4092 iig.
1243 4015 1289 4078 iii.
1314 4017 1334 4078 i.
1358 4025 1388 4075 et
1411 4016 1460 4094 lig.
1476 4014 1526 4076 li.
1551 4037 1577 4074 o.
1601 4022 1654 4090 e).
1712 4017 1863 4084 i'oiunren
1887 4018 1956 4081 celii
1979 4019 2134 4098 paullatim
2156 4014 2206 4076 aii·

607 4159 749 4232 quantum
780 4142 918 4216 diuturni,
950 4139 1130 4223 corriperetis
1159 4138 1296 4200 fracturis
1322 4139 1397 4198 inter
1426 4157 1457 4200 se
1482 4138 1628 4202 similibus
1652 4141 1704 4200 sed
1730 4141 1833 4202 aestatis
1856 4141 2141 4210 uariaeverisimiie
2163 4138 2205 4204 fib

607 4291 711 4335 verum
739 4276 850 4349 quanta
871 4265 910 4326 sit
936 4265 1008 4326 boec
1032 4262 1188 4324 diminutio
1213 4269 1341 4342 atquae
1365 4263 1492 4324 rrrarime
1521 4271 1623 4344 partes
1647 4265 1834 4340 auferantur,
1869 4265 1986 4330 deliniri
2009 4285 2072 4328 uon
2094 4269 2205 4345 potest;

606 4411 734 4476 namque
758 4409 851 4450 unum
873 4387 1059 4466 eundemque
1082 4384 1193 4450 callum
1216 4385 1335 4464 singulo
1360 4393 1472 4448 mittum
1496 4387 1678 4452 evolationis
1695 4397 1847 4450 incruento
1863 4387 2028 4471 disquirere
2040 4403 2204 4472 possamus,

606 4527 635 4580 et
657 4517 755 4600 qualis
776 4517 866 4573 antea
887 4509 984 4582 luerit,
1006 4509 1104 4591 quelle
1129 4510 1253 4588 posthae
1274 4511 1394 4578 luntres
1418 4512 1533 4586 luisset,
1555 4531 1680 4591 prorsus
1703 4512 1864 4577 nescimus.
1910 4511 2017 4594 Neque
2034 4521 2133 4576 mmor
2155 4524 2204 4568 ex·

604 4655 652 4704 tns
681 4635 891 4720 percipiendus
914 4632 972 4698 bec
997 4652 1053 4694 nos
1077 4633 1205 4701 edocere
1229 4640 1337 4712 potest,
1361 4641 1484 4713 propter
1508 4642 1616 4696 statum
1641 4635 1772 4714 partium
1794 4633 1929 4698 mollium
1952 4637 1993 4698 iia
2025 4637 2152 4701 varium,
2173 4637 2203 4688 ul

606 4763 745 4826 larriliinre
770 4763 798 4821 in
824 4777 957 4820 errorem
981 4775 1038 4820 nos
1062 4756 1192 4818 inrideat.

763 4883 909 4961 (pereurris
931 4883 1019 4960 igitur
1042 4880 1152 4941 callum
1177 4880 1314 4952 existere,
1340 4879 1390 4958 qni
1414 4879 1451 4938 ad
1476 4887 1593 4960 tempus
1617 4891 1730 4944 tantum
1754 4891 1874 4961 perstet,
1899 4903 2024 4962 prorsus
2040 4878 2200 4961 negeudunt
