4784 5894
1373 557 1448 632 lau

612 773 689 836 inter
712 773 766 857 (C)
791 777 822 846 ea
841 771 899 853 (F)
921 789 1003 833 noua
1021 787 1114 832 osma
1136 766 1274 833 materies
1297 767 1355 849 (i),
1385 764 1518 838 amulam
1547 761 1699 848 quandam
1721 781 1882 840 coercens,
1911 763 2110 844 conspicitur,
2136 781 2211 846 qaae

612 899 679 979 ipsa
701 916 721 957 a
742 895 909 959 substantia
930 893 1107 956 intermedia
1129 891 1312 959 obvolvitur.
1410 929 1433 942 ··
1843 949 1845 956 ,

773 1023 880 1096 Locus,
903 1037 963 1100 quo
986 1017 1084 1080 culus
1107 1016 1248 1100 utrmque
1271 1013 1374 1091 coivit,
1401 1013 1608 1096 perlongum
1637 1011 1736 1082 adiano
1764 1017 1883 1092 tempus
1910 1011 2061 1094 inaequali
2088 1011 2217 1094 quadam

614 1145 716 1226 specie
738 1151 767 1206 ct
787 1149 938 1205 structura
960 1140 1115 1222 aliquanto
1139 1139 1271 1210 firmiore
1294 1137 1497 1218 dignoscimus
1520 1143 1627 1203 scetus
1642 1135 1753 1201 lineam
1775 1135 1951 1200 undulalam
1973 1136 2072 1212 reiut,
2102 1136 2216 1200 semote

615 1270 734 1330 manum
768 1266 838 1328 colli
872 1263 1109 1344 metamorphosi
1155 1263 1366 1342 disparentcm
1427 1241 1526 1323 ilaec*
1556 1259 1638 1326 linea
1668 1259 1719 1325 uel
1759 1258 1872 1324 lamina
1911 1258 2070 1334 undulata,
2108 1258 2217 1324 mlum

613 1401 755 1473 tunquam
777 1389 964 1470 dispertiens,
988 1386 1224 1482 lucidentissime
1244 1385 1441 1478 corrspioitun
1454 1384 1579 1448 inesse
1597 1385 1663 1463 jam
1684 1391 1753 1446 ante
1774 1382 1841 1446 dies
1863 1383 1923 1446 XL
1944 1385 2063 1458 fracto,⁴
2086 1403 2104 1442 c
2132 1383 2214 1444 cuni-

617 1517 687 1579 culo
717 1515 853 1576 desumto
885 1525 927 1596 (v.
951 1514 985 1578 T,
1007 1513 1031 1587 1,
1052 1511 1073 1575 s.
1105 1511 1148 1586 X,
1169 1510 1215 1592 h.)
1260 1509 1441 1588 Fragmenta
1458 1507 1549 1574 -intcr
1578 1527 1611 1570 se
1634 1509 1742 1586 juncta
1771 1511 1919 1588 apparent
1951 1506 2095 1588 imprimis
2128 1515 2217 1587 ponte

617 1640 748 1722 quodam
771 1657 876 1711 osseo,
905 1636 1008 1710 mmo,
1031 1634 1132 1698 efficto
1156 1652 1173 1693 e
1193 1631 1362 1696 substantia
1384 1649 1476 1693 ossea
1495 1650 1515 1691 a
1533 1630 1697 1711 superficie
1719 1631 1870 1695 anteriora
1892 1631 2049 1710 nnuma
2070 1631 2219 1694 morior-'s

617 1769 733 1828 exorta
746 1764 808 1843 (i),
835 1779 915 1842 quae
938 1759 969 1822 in
992 1759 1040 1840 (li)
1064 1756 1156 1822 coivit
1178 1775 1248 1817 enm
1269 1755 1393 1820 materie
1416 1773 1505 1828 omes
1534 1773 1553 1820 a
1575 1753 1670 1818 latere
1693 1754 1843 1819 anteriore
1871 1755 2029 1834 fragmenti
2056 1755 2219 1835 superioris

619 1889 754 1970 prroiccta
777 1889 835 1965 (g).
880 1881 1041 1962 Reliquum
1060 1879 1201 1960 ¹spatium,
1222 1879 1308 1961 quod
1330 1878 1456 1943 interest
1476 1878 1555 1946 mter
1577 1880 1750 1958 fragmenta,
1773 1877 1906 1959 repleam
1917 1879 2082 1944 summan
2093 1879 2219 1942 libroso-

620 2011 766 2074 cullulosa
790 2008 848 2084 (k),
867 2025 948 2088 quae
971 2005 1002 2068 in
1024 2004 1117 2070 latere
1141 2003 1218 2068 ossis
1242 2009 1302 2066 mm
1325 2010 1450 2066 externo
1474 2022 1563 2085 quam
1586 2002 1704 2067 interno
1725 2019 1796 2069 unm
1819 2001 1954 2082 partibas
1977 2001 2118 2066 mollitus
2149 2003 2219 2064 vici·

619 2135 665 2196 nis
688 2131 841 2210 coniungit,
865 2130 1028 2210 loliumque
1051 2134 1141 2194 tenne
1152 2126 1199 2205 (e)
1220 2127 1300 2194 iuter
1321 2128 1494 2212 magnienia,
1518 2115 1643 2194 extarno
1666 2132 1781 2192 mamm
1803 2126 1897 2190 latere
1915 2137 2008 2208 ponte
2027 2145 2119 2190 omen
2141 2129 2218 2188 tenui

619 2259 753 2322 imenso
773 2257 889 2335 juncta,
913 2253 1046 2320 denum.

664 2473 714 2534 ill.
760 2469 1112 2545 commutationes,
1144 2485 1241 2550 quae
1275 2465 1315 2526 in
1348 2465 1570 2546 superficie
1604 2465 1903 2546 fragmentorum
1933 2484 1951 2526 a
1978 2465 2178 2546 periosteo

716 2592 909 2655 denudata
944 2600 1059 2674 atque
1092 2591 1130 2653 in
1165 2590 1261 2672 ipsis
1294 2577 1494 2652 inacturac
1528 2587 1770 2669 marginibus
1804 2588 2118 2670 conspiciuntur.

781 2754 815 2814 ln
838 2752 943 2834 quavis
966 2754 1097 2814 tractura
1119 2750 1302 2832 periosicum
1324 2751 1441 2828 majore
1464 2748 1618 2810 minoreve
1645 2748 1758 2810 ambitu
1787 2768 1806 2810 a
1828 2748 2000 2828 fragmentis
2028 2747 2119 2810 avelli
2149 2749 2221 2810 vidi-

622 2899 699 2954 mus,
723 2877 852 2959 indeque
875 2876 912 2938 ab
936 2895 972 2938 ea
994 2883 1088 2956 parte,
1111 2896 1170 2957 qua
1193 2875 1378 2956 periosteum
1398 2874 1463 2936 ossi
1487 2873 1585 2936 adhuc
1607 2873 1749 2948 Minuci,
1771 2871 1882 2934 callum
1902 2871 1987 2947 oriri,
2009 2871 2094 2934 initio
2105 2872 2220 2954 quidem
2242 2912 2248 2922 ·

620 3004 701 3064 lraud
723 3003 907 3064 differentem
928 3019 949 3062 a
971 2999 1095 3062 materia
1117 2997 1292 3072 semissuirla,
1315 2995 1491 3075 gelatinosa,
1514 3015 1592 3076 quae
1615 3015 1633 3058 e
1655 2996 1794 3076 partibus
1815 2995 1959 3058 nrollibus
1978 2996 2221 3060 milammatisre·

623 3145 694 3186 ceris
717 3123 889 3196 assumatur,
912 3119 1023 3182 sensim
1044 3139 1118 3184 vero
1142 3120 1173 3182 in
1195 3117 1400 3197 cartilaginem
1424 3137 1460 3178 ac
1482 3125 1635 3197 postremo
1658 3119 1690 3180 in
1712 3138 1831 3182 osseam
1843 3118 2038 3182 substantiam
2051 3119 2221 3196 amaena

605 3247 758 3322 eundem,
782 3245 854 3307 dum
875 3261 981 3305 versus
1001 3243 1165 3308 tracturam
1185 3241 1298 3304 sensim
1321 3241 1461 3322 utrinqne
1480 3249 1643 3318 accrescat,
1666 3243 1785 3306 tundam
1807 3242 2058 3322 magismiuusve,
2080 3263 2117 3306 ac
2136 3264 2221 3326 saepe

623 3369 745 3455 quidem
766 3365 891 3447 singruis
915 3371 1030 3430 taulum
1052 3366 1180 3446 punctis,
1203 3364 1286 3428 eone
1310 3370 1399 3446 atquc
1422 3365 1603 3426 coalescere.
1650 3367 1748 3428 Porro
1772 3367 1879 3429 iaeiem
1901 3366 2048 3430 internam
2071 3369 2133 3430 tam
2155 3389 2223 3450 cap

623 3495 709 3560 silae
732 3513 750 3554 a
773 3489 908 3574 partibus
930 3488 1073 3554 mollibus
1097 3490 1213 3588 effictae
1236 3494 1266 3550 et
1288 3489 1451 3558 fracturam
1473 3488 1618 3566 cingentis
1638 3507 1732 3570 quarn
1754 3489 1835 3571 calli,
1854 3496 2005 3573 qumenus
2027 3491 2066 3553 ab
2088 3511 2159 3556 osse
2181 3493 2224 3556 di·

623 3628 689 3696 stat,
712 3616 856 3682 obvestiri
877 3613 1143 3680 animadvertimus
1166 3610 1440 3711 substautiamulli,
1462 3611 1592 3691 primum
1613 3611 1790 3690 scmifluida,
1812 3614 1929 3678 intense
1951 3615 2051 3692 nahra,
2074 3616 2137 3680 iere
2159 3617 2224 3680 uio·

621 3747 714 3820 lanea,
737 3761 814 3826 quae
835 3739 948 3803 sensim
971 3739 1148 3804 confirmata
1169 3736 1310 3818 vasisque
1330 3735 1463 3816 copiosis
1492 3735 1637 3798 instruela
1658 3735 1924 3823 granrssationibus
1945 3758 2022 3820 quas
2044 3738 2155 3818 meunt
2177 3741 2224 3804 vel

622 3867 792 3933 coenaculis
815 3885 905 3946 saepe
928 3864 1009 3926 liarrd
1032 3862 1184 3928 dissimilis
1208 3861 1343 3941 adparet.
1388 3861 1472 3922 llaec
1494 3859 1585 3940 igitur
1604 3861 1772 3924 subtantia
1805 3862 2038 3942 fragmentorum
2068 3864 2145 3928 linas
2175 3865 2225 3926 de-

622 3991 760 4063 nudatos,
783 3987 908 4066 capsula
924 3993 1067 4067 iaraqnam
1090 3986 1203 4050 armulo
1228 3985 1352 4060 cunctos,
1375 3983 1513 4064 proxime
1536 3984 1708 4062 circumdat,
1731 4004 1830 4067 neque
1852 3993 1952 4048 tamen
1975 4005 2043 4048 mim
2064 3987 2102 4050 iis
2120 3989 2226 4052 colae·

624 4121 677 4177 ret.
723 4108 830 4172 Primis
854 4107 959 4170 diebus
982 4109 1163 4186 fragmenta,
1199 4108 1301 4188 quoad
1324 4107 1477 4186 periosteo
1501 4107 1759 4184 denudationem,
1792 4109 1938 4188 sanguiue
1960 4111 2013 4173 vel
2035 4111 2128 4174 lluido
2152 4133 2227 4196 quo-

624 4237 694 4298 dam
715 4231 946 4312 sanguinolenio
976 4231 1157 4294 circumfusa
1188 4236 1348 4309 appaream
1380 4230 1474 4309 paulo
1504 4238 1576 4312 post
1603 4229 1738 4311 mammis
1764 4230 1816 4294 iel
1845 4233 1930 4314 quasi
1959 4235 2083 4312 goltellis
2112 4236 2227 4318 exiguis

624 4355 807 4423 substantiae
830 4355 987 4435 cujusdam
1009 4354 1120 4430 mollis,
1141 4352 1319 4434 pellucidae,
1342 4371 1381 4414 ex
1403 4353 1505 4416 albido
1528 4355 1713 4418 rubicundae
1736 4353 1919 4434 obsidentur,
1943 4357 2051 4438 quibos
2066 4378 2150 4422 nono
2164 4362 2228 4440 jam

625 4484 674 4546 die
696 4479 822 4544 straium
844 4479 1024 4553 cohaerens,
1047 4485 1151 4553 tenue,
1173 4495 1272 4558 neque
1295 4483 1394 4539 nmen
1416 4478 1497 4541 vasis
1520 4477 1696 4540 instructum
1719 4495 1817 4559 neque
1840 4485 1952 4544 cenam
1973 4487 2154 4545 etmalorum
2177 4501 2228 4546 ex-

625 4607 739 4681 hibens,
762 4603 894 4666 effictum
919 4599 1089 4664 observavi.
1130 4600 1197 4661 Sub
1220 4601 1266 4664 his
1289 4619 1324 4662 os
1344 4600 1483 4681 glabrum
1507 4601 1640 4682 nihilque
1662 4609 1806 4664 unitatum
1830 4603 2025 4683 conspicitur.
2071 4607 2155 4670 llaec
2177 4627 2229 4670 ex·

625 4729 744 4793 sudatio
765 4745 884 4806 semper
907 4741 1051 4804 perquam
1073 4722 1182 4802 exigua
1203 4729 1256 4798 est,
1276 4724 1392 4805 quippe
1412 4723 1590 4788 humoribus
1613 4731 1738 4806 propter
1764 4725 1929 4790 mensum
1958 4728 2144 4808 puriostenm
2166 4751 2228 4794 non

625 4853 698 4917 satis
720 4849 925 4922 affluenflbns3
947 4845 1076 4928 indeque
1099 4844 1361 4908 iacissnneoculos
1383 4847 1577 4928 rugitusque
1599 4849 1869 4931 aequalitersnper
1890 4857 1983 4914 lotam
2002 4859 2117 4934 partem
2135 4854 2229 4918 denu-

626 4978 725 5040 datam
748 4973 843 5036 effusa
865 4977 918 5049 est,
939 4971 980 5032 ita
1002 4969 1130 5053 quidem,
1153 4975 1187 5030 nl
1208 4989 1299 5050 saepe
1321 4967 1436 5032 seriore
1458 4970 1547 5032 etiam
1572 4980 1709 5053 tempore
1731 4973 1844 5054 passim
1855 4973 1973 5036 uullrnu
1985 4977 2052 5056 ojus
2072 4979 2230 5060 vesa'gi-
