4784 5894
990 501 1043 576 95

373 708 598 788 Induratio,
619 727 699 794 qaae
721 711 754 774 in
776 729 814 775 eo
830 717 884 776 eet
905 710 1021 794 posita,
1048 719 1083 774 ut
1110 711 1250 776 materies
1277 711 1405 795 plastica
1434 719 1524 796 atque
1554 715 1723 798 organisata
1750 734 1820 800 per-

210 839 340 911 maneat,
362 835 622 918 nequentissimua
643 841 690 898 est
710 835 953 902 inflammationis
971 836 1079 914 exime,
1101 843 1131 900 et
1152 837 1317 900 sanationis
1338 837 1508 916 vulnerum,
1530 839 1746 913 tracturarum,
1770 858 1818 900 re-

208 959 375 1024 stitutionis
397 961 541 1024 materiae
562 959 691 1024 amissae
713 967 857 1044 tanquam
879 961 1106 1026 fundamentum
1129 967 1182 1024 est

264 1099 272 1108 ·
369 1084 612 1168 Suppuratio
641 1085 673 1148 in
703 1084 823 1149 ossibus
852 1103 975 1169 qnoque
1003 1086 1080 1148 duas
1101 1085 1191 1148 habet
1212 1085 1345 1168 speciem
1374 1097 1426 1150 ant
1454 1086 1534 1150 enim
1563 1087 1602 1150 ad
1631 1087 1818 1152 sanationem

206 1209 321 1288 tendit,
350 1215 440 1292 atqua
463 1227 502 1272 ex
524 1208 758 1272 inflammatione
780 1207 923 1292 plastica,
950 1209 1051 1273 causis
1079 1210 1211 1274 externis
1240 1209 1466 1294 quodammodo
1486 1211 1642 1278 immutata
1672 1211 1819 1292 anginam

207 1334 302 1411 ducit,
323 1339 378 1396 aut
398 1333 509 1396 cariem
531 1335 626 1396 refert
646 1333 869 1412 destructivam,
891 1352 969 1416 quae
992 1353 1031 1396 ex
1053 1333 1208 1415 dyscrasia
1231 1335 1333 1418 aliqua
1354 1343 1454 1398 ortum
1483 1335 1582 1398 trahit.
1628 1336 1817 1418 Suppuratio

207 1458 357 1540 benigna,
387 1476 450 1523 non
473 1457 561 1522 aliter
584 1465 675 1542 atque
696 1457 728 1520 in
749 1457 886 1540 partibus
909 1457 1069 1535 mollibus,
1097 1459 1283 1540 conspicitur
1304 1460 1485 1523 formatione
1506 1459 1690 1524 substantiae
1718 1479 1818 1522 novae

205 1603 317 1661 sanae,
338 1581 466 1664 granula
487 1581 646 1646 referentis
667 1582 815 1660 rotunda,
838 1580 942 1646 multis
963 1582 1045 1646 vasis
1067 1583 1223 1663 matinata,
1245 1603 1264 1646 e
1285 1584 1445 1667 superficie
1467 1584 1647 1648 inflammata
1659 1583 1818 1666 propullu-

204 1709 317 1786 lautia,
340 1712 371 1770 et
391 1706 561 1770 secretione
582 1705 745 1788 singularis
770 1705 930 1786 cujusdam
953 1707 1037 1770 fluidi
1059 1707 1132 1772 satis
1144 1708 1243 1790 spissi,
1264 1709 1434 1790 unguinosi,
1457 1709 1554 1790 opaci,
1577 1709 1734 1772 albicantis
1764 1709 1815 1770 vel

206 1831 406 1908 saracenus,
428 1829 560 1908 inodori,
581 1831 702 1913 saporis
723 1829 837 1908 blandi,
861 1850 919 1913 pus
941 1831 1052 1894 indico.
1097 1833 1255 1896 Formatio
1278 1833 1461 1896 substantiae
1483 1852 1590 1911 novae,
1613 1833 1817 1916 quaeiitsup-

207 1955 389 2042 pnratione,
416 1954 546 2018 lentiore
568 1954 665 2037 gradu
686 1954 838 2037 procedit,
867 1974 959 2037 φιιιιι
980 1975 1059 2038 quae
1080 1956 1210 2038 simplici
1233 1957 1431 2020 exsudatione
1453 1957 1568 2035 existit,
1595 1956 1720 2020 eosdem
1742 1973 1816 2018 vero

211 2081 329 2147 alitet
354 2078 469 2162 gradus
498 2078 680 2143 evolutionis
706 2097 869 2163 veramque
898 2097 935 2142 ac
962 2099 1067 2144 sanam
1094 2087 1236 2161 procreat
1266 2082 1462 2148 substantiam
1491 2083 1622 2146 osseam.
1670 2082 1707 2144 ln
1736 2079 1817 2142 carie

209 2209 273 2272 ἀνι
294 2205 398 2270 ulcere
420 2203 499 2269 ossis
520 2202 599 2268 idem
622 2210 760 2286 spectare
781 2209 920 2268 namnam
941 2203 1087 2281 videmus,
1110 2211 1140 2267 et
1161 2205 1288 2285 granula
1310 2206 1358 2268 nic
1381 2225 1502 2289 quoque
1521 2205 1689 2287 prosiliunt,
1711 2223 1817 2268 verum

210 2352 303 2396 cansa
323 2329 439 2406 morbi,
466 2349 544 2413 qnae
571 2347 610 2391 ex
639 2329 706 2411 ipsa
734 2328 890 2410 sanguinis
918 2328 1062 2392 mixtione
1084 2335 1226 2412 tanquam
1249 2331 1332 2394 fonte
1360 2349 1441 2394 nova
1468 2329 1614 2394 continuo
1636 2329 1817 2394 nutrimenta
1866 2397 1870 2408 Κ

206 2458 317 2535 haurit,
339 2453 553 2537 impedimento
576 2458 629 2531 est,
652 2447 836 2536 quominus
854 2455 969 2532 justam
991 2455 1066 2516 haec
1088 2453 1293 2535 adipiscantur
1314 2461 1479 2526 texturamr
1509 2474 1603 2537 quare
1630 2452 1670 2516 ad
1698 2460 1817 2534 tempus

206 2589 326 2648 muman
348 2581 454 2644 vivunt
475 2599 513 2642 ac
533 2597 607 2642 mox
629 2578 831 2655 emorirmtnr,
860 2578 931 2640 durn
960 2577 1050 2642 simul
1073 2578 1239 2659 particulae
1261 2579 1356 2659 ipsius
1379 2579 1457 2642 ossis
1486 2581 1619 2660 maiores
1647 2578 1817 2640 minoresve

208 2713 367 2772 nomae
389 2710 605 2778 ammentum
627 2701 752 2766 liuidum
774 2702 857 2785 quod
878 2703 1046 2766 secernitur
1066 2701 1177 2766 malam
1199 2701 1318 2764 exhibet
1334 2703 1514 2784 qualitatem,
1538 2702 1741 2780 consistentia,
1764 2721 1816 2764 co·

207 2833 280 2896 lore
303 2839 333 2894 et
354 2829 533 2894 aliisrebus
556 2848 575 2891 a
596 2847 672 2891 sano
694 2846 772 2909 pure
794 2826 1017 2900 abhorrentemr
1046 2833 1080 2888 ut
1104 2826 1224 2907 paucis,
1253 2826 1431 2906 suppuratio
1459 2826 1535 2888 alias
1557 2825 1740 2888 substantiae
1768 2843 1816 2886 re-

208 2977 284 3022 cens
309 2955 474 3020 exorientis
496 2973 596 3030 causa,
625 2953 658 3014 in
679 2951 761 3014 carie
783 2950 966 3014 destructiva
987 2957 1041 3012 est.
1087 2951 1171 3012 Vera
1194 2950 1371 3031 suppuratio
1393 2951 1425 3012 in
1447 2949 1613 3013 substantia
1643 2967 1732 3012 ossea
1759 2949 1814 3014 im·

212 3083 318 3166 primis
342 3080 474 3144 occurrit
495 3079 573 3141 inter
593 3076 828 3141 eliminationem
850 3075 979 3156 partium
1002 3073 1082 3138 ossis
1106 3081 1322 3150 emortuarum
1345 3081 1434 3158 atque
1455 3073 1659 3152 dubitandum,
1682 3093 1721 3135 an
1737 3091 1814 3140 nun-

210 3227 301 3291 qnam
324 3205 383 3269 nisi
405 3223 474 3266 curn
501 3201 621 3266 necrosi
648 3202 811 3280 conjuncta
834 3205 987 3276 occurrat,
1016 3199 1269 3282 quemadmcdmu
1298 3199 1384 3262 nulla
1406 3199 1526 3263 videtur
1553 3199 1649 3262 caries
1679 3197 1816 3274 existere,

215 3333 285 3416 quin
307 3329 398 3394 simul
422 3329 548 3409 exiguae
571 3327 688 3409 aliquae
711 3325 877 3408 particulae
900 3323 937 3386 ab
961 3343 1030 3387 ossa
1053 3325 1203 3388 secedant

375 3454 620 3534 Gangraena,
642 3451 706 3513 sive
728 3469 811 3512 mors
833 3448 927 3530 partis
943 3447 1071 3527 alicujus
1084 3449 1162 3512 ossis
1178 3466 1297 3530 semper
1320 3448 1401 3511 sicca
1418 3421 1464 3510 est
1486 3445 1723 3531 (necrosis),
1745 3446 1816 3528 quia

212 3601 285 3666 pars
307 3585 455 3655 emortua,
477 3577 541 3640 sive
562 3595 679 3656 magna,
702 3575 766 3638 sive
789 3573 897 3652 exigua
919 3572 1002 3634 fluidi
1025 3572 1114 3653 copia
1134 3573 1257 3652 perfusa
1280 3580 1333 3648 est,
1355 3577 1481 3652 propter
1503 3577 1641 3632 naturam
1662 3571 1740 3633 telae
1763 3570 1814 3632 vix

214 3707 350 3786 subjecta
372 3710 417 3766 est
439 3701 598 3784 putredini.
645 3701 746 3762 Causa
767 3715 954 3780 gangraenae
976 3696 1116 3776 proxima
1137 3701 1275 3759 versatur
1296 3695 1327 3756 in
1349 3693 1469 3756 sublata
1490 3693 1585 3773 partis
1607 3692 1735 3772 alicujus
1757 3712 1814 3756 nu-

212 3831 348 3902 tritione;
376 3828 435 3890 hoo
464 3832 565 3888 autem
592 3823 692 3905 ipsum
720 3822 851 3902 positum
882 3828 927 3881 est
956 3827 1008 3882 ant
1034 3819 1066 3878 in
1089 3819 1203 3879 affluxu
1231 3818 1313 3880 fluidi
1342 3815 1500 3879 nutrientis
1523 3815 1634 3878 directe
1662 3815 1814 3897 impedito,

213 3962 266 4018 aut
287 3955 319 4015 in
341 3951 573 4014 inflammatione
596 3947 635 4010 ad
658 3967 727 4009 curn
749 3944 874 4026 gradum
897 3949 1008 4016 evecta,
1032 3949 1065 4003 ut
1086 3941 1240 4022 sanguinis
1263 3940 1419 4003 circulatio
1451 3940 1482 4002 in
1508 3939 1589 4002 vasis
1622 3939 1815 4021 capillaribns

214 4097 341 4161 prorsus
363 4059 460 4138 cesset
480 4093 578 4157 neque
601 4071 728 4152 amplius
751 4069 866 4132 restitui
887 4067 992 4148 possit
1038 4068 1143 4128 Utrum
1165 4065 1397 4128 inflammatione
1420 4083 1541 4148 quoque
1563 4063 1595 4125 in
1617 4064 1737 4128 ossibus
1759 4085 1813 4128 ne-

213 4203 312 4267 crosis
334 4199 495 4275 exoriatur,
517 4197 598 4259 haud
619 4203 732 4258 certum
755 4199 813 4266 est;
836 4191 1052 4272 utplurimum
1074 4196 1174 4270 partes
1197 4196 1350 4252 emortuae
1373 4189 1458 4269 signa
1473 4187 1714 4251 inflammationis
1727 4209 1814 4270 prae·

212 4346 335 4412 grassae
357 4343 421 4386 non
444 4323 619 4394 ostendunt;
640 4338 738 4401 neque
762 4316 840 4378 enim
862 4317 1039 4377 tumefactae
1064 4321 1217 4395 apparent
1247 4331 1344 4394 neque
1366 4311 1532 4375 substantia
1554 4331 1643 4374 ossea
1672 4315 1816 4376 exsudata

214 4458 377 4532 coopertae
414 4453 499 4522 sunt;
540 4445 588 4508 sin
621 4443 742 4526 qnando
777 4441 836 4503 tale
869 4439 942 4522 quid
977 4445 1136 4520 appareat,
1176 4442 1368 4518 procreatum
1401 4437 1461 4499 hoc
1495 4456 1562 4500 esse
1600 4443 1700 4518 potest
1735 4457 1816 4500 nova

215 4577 316 4658 aliqua
356 4573 407 4650 vi,
451 4571 644 4634 nutritionem
689 4565 919 4647 interpellante,
959 4581 1035 4645 quae
1076 4563 1107 4623 in
1156 4567 1275 4642 partam
1308 4560 1541 4624 inflammatione
1589 4561 1715 4641 plastica
1749 4563 1815 4640 jam
1904 4561 1908 4568 “

221 4704 393 4780 correptam
423 4695 533 4772 irruat,
572 4702 606 4756 ut
641 4693 672 4754 iu
713 4690 985 4772 experimentorum
1018 4704 1153 4749 meorum
1186 4704 1249 4748 nnc
1285 4685 1401 4748 accidit
1458 4687 1580 4748 Directa
1612 4703 1686 4748 vero
1720 4685 1813 4770 nutri-

215 4823 305 4887 tionis
340 4819 570 4901 suppressione,
609 4825 734 4899 propter
767 4814 949 4894 singularem
982 4830 1124 4874 vasorum
1161 4795 1406 4892 dispositionem,
1449 4807 1589 4870 facillime
1623 4828 1695 4872 ossa
1731 4827 1813 4870 erno-

217 4950 346 5021 rimrtur;
375 4943 507 5006 medulla
530 4949 581 5006 aut
602 4939 793 5021 periosteum,
815 4958 834 4998 a
856 4936 964 5020 quibus
986 4937 1099 4999 ossium
1121 4954 1195 4997 vasa
1217 4933 1458 5016 proficiscuntur,
1481 4933 1663 4995 destructum
1686 4937 1738 4993 aut
1760 4931 1812 4994 ab·
