4768 5894
1358 521 1438 600 000

605 735 790 800 relaxatione
812 733 940 818 quadam
962 733 1237 798 eucnemon
1257 733 1335 796 telae
1357 753 1426 798 orm
1448 723 1677 816 emplilioatiooe
1706 719 1942 798 caueliculorum
1975 727 2209 808 medullarum,

605 861 673 941 ojus
695 859 734 922 nd
756 860 858 938 iushr,
879 859 917 922 de
938 867 1003 942 qua'
1018 880 1049 940 p.
1072 857 1126 922 to.
1149 863 1230 940 etp.
1254 856 1307 924 ⁷2.
1331 857 1405 944 (sub
1426 856 1544 944 Nan)
1567 859 1678 922 dicem
1700 865 1760 934 ese
1789 865 1841 921 erat
1861 858 1892 920 iu
1914 856 2109 922 moscenti·
2130 855 2212 918 sino

605 985 799 1062 relaxatione,
822 983 917 1068 qualis
938 984 969 1046 iu
991 983 1125 1047 exostosi
1146 1003 1240 1066 supra
1261 989 1307 1064 (p.
1331 981 1420 1059 100.)
1443 982 1593 1065 descripta
1614 989 1644 1046 et
1665 984 1739 1046 Tab.
1760 984 1799 1045 11.
1820 983 1873 1062 ligs
1894 981 1924 1046 1.
1955 982 1985 1044 b.
1996 981 2026 1045 b.
2050 977 2210 1044 delirent!

606 1111 764 1192 reperitur.
805 1109 841 1170 lu
862 1105 981 1170 ossibus
1003 1108 1195 1190 praeparetis,
1217 1107 1249 1169 in
1270 1106 1377 1190 quibus
1401 1109 1564 1170 Kortum
1587 1106 1640 1184 (l)
1667 1107 1705 1170 de
1726 1106 1952 1188 regeneratione
1980 1111 2119 1186 expertus
2138 1109 2205 1180 m,

607 1235 679 1296 tibia
701 1239 872 1296 asservatur
893 1231 1031 1308 cuniculi,
1054 1232 1225 1314 septimanis
1247 1237 1318 1314 post
1339 1232 1446 1294 iactam
1467 1230 1608 1295 necrosiu
1631 1229 1789 1294 duodecim
1810 1230 1921 1309 necati,
1950 1230 1981 1291 in
2010 1245 2070 1311 qua
2096 1235 2203 1311 poste-

607 1358 670 1420 rius
692 1355 934 1420 inbrmesceutiae
955 1375 1050 1437 genus
1072 1364 1197 1438 apparet
1218 1354 1501 1430 luculentissimum
1524 1355 1650 1419 ambitus
1673 1354 1797 1437 duplum
1807 1355 1871 1417 lere
1893 1353 1959 1416 sani
1970 1353 2050 1418 ossis
2071 1359 2206 1436 aequato

607 1481 738 1545 densitas
759 1499 823 1543 nou
845 1479 1002 1557 diurnum,
1035 1477 1194 1544 canaliculi
1216 1479 1396 1542 medullares
1423 1499 1486 1542 nun
1508 1443 1665 1552 manifesto
1687 1478 1873 1560 amplificati,
1905 1495 2025 1554 verum,
2057 1475 2143 1540 sicuti
2164 1476 2202 1540 iu

544 1665 548 1674 .
608 1605 740 1668 exostosi
762 1605 822 1681 ille,
844 1585 1010 1684 majoribus
1033 1604 1196 1667 intervallis
1218 1605 1296 1666 inter
1316 1623 1350 1666 se
1372 1603 1512 1683 disJuncti
1533 1611 1611 1680 srrnt,
1633 1602 1733 1686 itaque
1755 1601 1936 1666 substantiae
1947 1602 2084 1664 intereos
2106 1607 2203 1663 encta

608 1730 705 1792 luerat
725 1728 881 1804 formeti03
902 1703 1273 1804 norasubstautiaossee,
1294 1747 1379 1810 qnae
1394 1727 1425 1788 iu
1438 1727 1597 1809 superficie
1619 1734 1672 1805 est,
1695 1727 1732 1788 eb
1745 1700 1926 1792 osseuetere
1937 1723 2198 1788 tumelactonudie

605 1856 668 1932 jam
691 1853 788 1916 oculis
810 1851 914 1916 colore
935 1852 1030 1934 magis
1051 1853 1237 1930 flavescente,
1259 1858 1297 1928 et,
1318 1851 1519 1933 microsoopio
1542 1851 1707 1933 supposito,
1733 1849 1853 1914 diverse
1880 1848 2113 1912 curelieulomm
2129 1865 2194 1911 ne·

609 1975 770 2040 dullerium
791 1975 955 2040 directione
976 1984 1006 2039 et
1028 1978 1125 2040 lorms
1146 1976 1285 2039 facillime
1308 1975 1500 2057 dignoscitur.
1555 1977 1670 2038 Verum
1697 1977 1771 2038 boec
1799 1974 1913 2038 ossium
1942 1973 2134 2037 commutatio
2157 1969 2198 2034 ab

608 2101 795 2184 expmsioue
815 2098 877 2182 ille,
902 2100 939 2162 de
961 2121 1022 2183 qua
1042 2100 1189 2182 Scerpe
1211 2101 1293 2177 dixit,
1316 2099 1472 2180 diligenter
1494 2099 1702 2180 distinguenda
1723 2107 1784 2176 este
1813 2097 1958 2162 emollitio
1981 2098 2061 2160 enim
2082 2105 2204 2160 anteco·

608 2227 651 2288 dit
672 2226 764 2302 nulla,
786 2243 863 2307 quae
885 2225 1004 2307 quidem
1027 2225 1191 2305 conspicue
1212 2225 1265 2298 sit;
1286 2225 1353 2304 ipsa
1373 2223 1535 2286 lentissime
1557 2223 1694 2306 procedit
1713 2241 1812 2306 neque
1841 2222 1924 2304 prius
1947 2241 2036 2304 quam
2056 2241 2115 2304 per
2133 2221 2203 2286 loo·

607 2351 676 2430 gius
696 2355 814 2430 tempus
835 2348 970 2410 neorosis
993 2348 1154 2427 duraverit,
1175 2348 1207 2408 in
1229 2353 1423 2428 conspectum
1444 2347 1541 2424 venite
1572 2365 1633 2430 quo
1655 2349 1766 2410 lactem
1786 2345 1919 2425 videtur,
1945 2351 1980 2408 nt
2002 2365 2020 2408 e
2041 2345 2204 2430 plerisque,

609 2473 661 2555 qui
683 2474 721 2534 de
743 2472 862 2536 necrosi
884 2471 1000 2552 experti
1021 2477 1098 2548 suut,
1119 2471 1194 2534 baec
1216 2471 1409 2534 commutatio
1436 2471 1573 2552 neglecte
1595 2471 1644 2534 sit.
1699 2471 1816 2553 Quibus
1837 2489 1912 2534 vero
1941 2469 2040 2533 musis
2067 2471 2138 2548 liat,
2169 2477 2205 2534 m

608 2595 701 2662 modo
723 2595 895 2660 mlaxmtur
916 2614 994 2672 osse,
1016 2591 1108 2658 modo
1130 2594 1280 2658 crassiore
1301 2601 1414 2657 nutum
1438 2595 1518 2673 fient,
1541 2602 1641 2658 utrum
1668 2597 1797 2662 enasse
1825 2595 1920 2658 altere
1948 2595 2144 2659 commendo
2166 2613 2204 2658 ex

609 2721 704 2783 altera
724 2720 839 2782 orietm
860 2719 926 2800 (eui
947 2718 1082 2800 opinioni
1104 2720 1204 2782 severe
1225 2718 1351 2794 videtur,
1373 2720 1454 2803 quod
1477 2739 1691 2802 nonuunquam
1713 2720 1803 2782 simul
1825 2719 1930 2782 ambae
1940 2726 2112 2797 occurrunt,
2135 2738 2203 2783 eae·

609 2865 668 2928 qne
690 2843 770 2908 baud
791 2843 881 2911 certis
899 2823 1044 2906 limitibus
1067 2843 1246 2926 distinctae),
1268 2843 1405 2925 equidem
1435 2843 1599 2924 dijudicare
1622 2863 1685 2906 non
1713 2843 1821 2906 audeo.
1870 2843 2004 2906 Auctore
2024 2844 2053 2905 J.
2076 2843 2198 2907 Muel-

608 2971 666 3030 ler
687 2967 744 3052 (2)
767 2968 798 3030 in
821 2967 924 3030 avibus
946 2968 1141 3030 tumescentia
1172 2968 1281 3030 veteris
1313 2968 1390 3030 ossis
1418 2967 1514 3030 minus
1544 2969 1707 3048 conspicue
1738 2977 1783 3030 est
1811 2985 1901 3050 quem
1927 2965 1959 3029 iu
1980 2967 2192 3038 inanimalibus

610 3090 748 3172 idemque
776 3091 949 3166 arbitratur,
982 3091 1065 3172 quod
1097 3091 1190 3171 vulgo
1217 3111 1330 3154 novum
1360 3111 1396 3154 os
1418 3091 1600 3173 appelletur,
1627 3091 1658 3152 iu
1679 3089 1886 3154 mammelibns
1906 3091 2066 3154 maximam
2086 3101 2191 3174 puter

610 3215 771 3276 tumefacto
794 3219 887 3277 strnlo
910 3221 1036 3278 externo
1056 3215 1166 3278 veteris
1191 3216 1269 3278 ossis
1291 3221 1391 3279 ortum
1414 3215 1533 3278 debere.
1577 3217 1691 3278 Verum
1713 3215 1773 3278 boo
1794 3217 1856 3278 lere
1877 3215 1998 3278 nonnisi
2008 3214 2048 3278 de
2068 3215 2132 3280 illir
2153 3235 2198 3280 ce

611 3337 694 3400 sibus
715 3337 818 3398 velere
839 3337 1024 3413 crediderim,
1046 3339 1078 3404 iu
1100 3339 1207 3420 quibus
1229 3339 1402 3402 teuuissima
1425 3345 1538 3402 tantum
1559 3339 1681 3402 lemelln
1702 3340 1781 3402 intus
1804 3345 1941 3402 emortus
1962 3347 2020 3417 est,
2039 3349 2076 3402 nt
2096 3340 2129 3402 iu
2150 3359 2200 3404 eu·

506 3457 510 3472 '
612 3461 723 3536 niculo,
746 3459 783 3521 de
806 3478 867 3541 qno
890 3458 961 3537 dixi,
983 3460 1014 3522 in
1036 3481 1097 3543 quo
1118 3481 1225 3524 revers
1248 3469 1352 3523 cortex
1373 3465 1550 3526 tuureiactos
1571 3463 1735 3526 crassitiem
1756 3463 1834 3527 ossis
1855 3479 1961 3525 recens
1978 3464 2203 3547 bruttipaene

613 3585 732 3648 duobus
753 3583 888 3665 pambus
910 3593 1047 3666 superate
1069 3586 1102 3646 in
1123 3585 1189 3648 aliis
1211 3585 1330 3648 casibus
1351 3587 1503 3648 contraria
1526 3587 1603 3650 ratio
1626 3594 1687 3662 est;
1709 3607 1746 3650 ac
1767 3588 1793 3650 si
1814 3587 2015 3668 uecrosisper
2035 3591 2201 3652 totemiere

613 3709 691 3774 ossis
714 3707 878 3772 messitiem
898 3715 988 3805 patet,
1010 3709 1062 3772 vix
1082 3709 1174 3772 ullius
1197 3709 1338 3773 momenti
1362 3717 1408 3774 est
1428 3711 1502 3774 baec
1522 3711 1632 3775 vetetis
1654 3712 1733 3775 ossis
1755 3711 1989 3798 intumescentia.

614 3959 661 4008 Ile
678 3959 883 4022 membrana,
901 3973 988 4022 quoe
1010 3961 1157 4024 dieitur,
1185 3975 1306 4012 norum
1330 3977 1365 4010 oe
1389 3963 1484 4012 lutus
1510 3963 1742 4027 obveniente,
1769 3971 1802 4012 et
1827 3963 1869 4012 de
1895 3961 2101 4014 evolutione
2123 3963 2203 4029 eirea

1037 4074 1110 4128 post
1132 4075 1340 4129 sequestrem
1359 4069 1525 4118 ‹omissum
1550 4070 1765 4120 exordiente.

773 4205 908 4268 Perfecta
935 4204 1123 4286 separetione
1150 4206 1325 4288 sequestris,
1357 4206 1437 4269 latus
1466 4207 1617 4273 internum
1645 4207 1762 4271 listulas
1791 4225 1897 4270 osseee
1925 4207 2011 4270 virae
2038 4207 2203 4276 substantia

616 4325 709 4401 molli,
730 4326 904 4404 mbiounda,
925 4329 1004 4392 vasis
1027 4329 1204 4406 abundante,
1226 4337 1401 4412 coopertum
1423 4339 1562 4413 apperet,
1584 4351 1661 4416 quse
1683 4337 1746 4394 erte
1768 4332 1957 4396 membranae
1979 4331 2018 4394 ad
2039 4333 2134 4397 instar
2152 4353 2201 4398 se-

616 4451 724 4536 perari,
745 4451 844 4526 immo,
866 4459 940 4514 teste
962 4454 1093 4534 'l'roje‚
1114 4455 1146 4517 in
1166 4454 1269 4539 plures
1290 4454 1426 4519 lamellas
1448 4468 1552 4520 tenues
1575 4455 1665 4518 dividi
1683 4462 1791 4536 potest.
1835 4455 1880 4520 Ea
1900 4455 2048 4520 inesibus
2068 4457 2200 4540 plorum·

546 4671 549 4678 Ι
616 4596 675 4659 que
696 4573 869 4639 uuubsime
891 4593 927 4636 ec
947 4577 1105 4640 tenerrima
1127 4585 1188 4656 est,
1219 4579 1251 4642 in
1280 4580 1486 4644 memmalibus
1518 4599 1592 4644 vero
1621 4579 1786 4663 majoribus
1814 4599 1904 4662 seepe
1932 4580 2041 4646 lineam
2067 4585 2201 4650 censitis

776 4875 817 4946 (1)
833 4881 870 4934 Cl.
888 4879 1045 4943 Kortum,
1062 4880 1082 4935 1.
1101 4897 1124 4932 c.
1143 4897 1201 4946 exp.
1219 4883 1280 4939 Vll.

777 4963 821 5040 (2)
838 4969 865 5021 J.
882 4969 1049 5034 Mueller,
1065 4969 1085 5020 l.
1103 4985 1127 5030 e,
1144 4988 1170 5037 p.
1188 4969 1250 5022 300.

2348 3 2358 302 l

2353 616 2367 865 t

2365 1255 2368 1412 l
