4856 5896
1363 487 1412 561 12

587 709 714 781 augente
736 698 938 777 micrcscopio
962 705 1102 772 uter-etur,
1124 695 1227 777 liquet,
1250 715 1294 771 ea,
1317 715 1394 778 quae
1416 696 1570 774 invenerit,
1593 697 1754 759 admodum
1776 715 1864 778 egere
1887 705 1917 760 et
1938 698 2185 781 comprobatione

587 833 617 885 et
638 823 832 904 perfectione.
876 823 1034 884 Praeterea
1057 821 1124 898 ejus
1147 817 1374 882 observationes
1396 820 1460 882 iere
1480 817 1525 880 nil
1547 838 1636 901 quam
1659 819 1817 902 epiphyses
1840 819 2048 903 cartilagineas
2069 827 2184 904 partes·

588 966 645 1030 qne
668 948 746 1009 ossis
769 945 940 1025 adjacentes
962 950 1107 1026 spectant.
1130 977 1171 990 -
1203 941 1415 1023 Cartilaginem
1436 943 1481 1005 sie
1503 941 1655 1004 describit:
1692 943 1846 1007 materiem
1874 945 2022 1026 glabram,
2051 942 2185 1024 granulis

588 1069 758 1131 tenerrimis
780 1071 965 1143 instructam,
987 1065 1214 1140 albuminosam,
1243 1066 1274 1128 iu
1297 1063 1463 1128 intervallis
1484 1063 1668 1128 substantiae
1690 1067 1849 1146 cujusdam
1870 1085 2014 1152 perquam
2037 1067 2185 1145 elasticae,

586 1192 837 1273 semipellucidae,
859 1189 1033 1252 reticulatae
1055 1187 1223 1270 depositam
1245 1209 1328 1264 esse;
1357 1189 1439 1251 lianc
1461 1187 1665 1269 cartilaginem
1692 1190 1724 1251 in
1745 1188 1910 1269 embryone
1939 1190 2043 1254 decem
2072 1190 2184 1253 hebdo

586 1315 707 1378 madum
730 1313 867 1395 pluribus
888 1314 963 1376 vidit
984 1311 1159 1375 caritatibus
1182 1312 1357 1394 praeditam,
1379 1331 1456 1395 quae
1478 1318 1549 1394 post
1570 1311 1602 1374 in
1624 1311 1745 1375 canales
1766 1331 1873 1374 versus
1894 1313 2054 1394 diaphysin
2066 1333 2186 1378 osseam

493 1499 496 1504 Α
586 1435 823 1501 nroendebantur
844 1445 933 1520 atque
954 1437 986 1499 in
1008 1435 1204 1499 substantiam
1226 1455 1346 1497 osseam
1373 1455 1480 1498 recens
1509 1437 1667 1506 formatam
1688 1435 1957 1518 immergebantur3
1985 1437 2128 1499 cavitates
2155 1447 2187 1500 et

585 1562 707 1624 canales
728 1561 902 1624 membrana
921 1560 1095 1636 tenerrima,
1124 1557 1226 1622 subtili
1251 1579 1396 1622 vasorum
1424 1567 1489 1621 rete
1510 1559 1670 1637 instructa,
1699 1559 1810 1624 obduci
1832 1567 1921 1642 atque
1942 1561 2066 1624 materie
2088 1559 2185 1643 pellu-

586 1686 662 1761 cida,
683 1683 901 1765 mucilaginosa
921 1683 1032 1764 repleri
1055 1682 1136 1744 dicit.
1163 1715 1209 1730 -
1234 1683 1351 1744 Versus
1372 1682 1537 1762 marginem
1559 1682 1638 1744 ossis
1660 1701 1767 1745 reeens
1788 1683 1908 1746 formati
1931 1683 2096 1764 particulae
2119 1703 2186 1746 car-

586 1809 746 1888 tilagineec
764 1827 847 1870 novo
870 1807 1001 1891 quodam
1029 1805 1151 1882 ordine,
1179 1804 1275 1867 lineas
1297 1806 1411 1868 scilicet
1432 1803 1595 1886 parallelas
1617 1807 1779 1882 referente,
1809 1806 1973 1888 dispositae
1995 1817 2072 1871 sunt
2117 1809 2186 1889 lpse

586 1933 634 1993 bic
656 1951 760 2011 margo
782 1931 925 1994 villorum
948 1937 1104 1992 acutorum
1128 1937 1158 1990 et
1179 1929 1363 1990 minutorum
1385 1929 1478 1990 refert
1499 1929 1645 2008 speciem,
1670 1928 1722 2012 qui
1744 1929 1775 1989 in
1798 1929 2002 2010 cartilaginem
2023 1932 2185 1994 immittun-

584 2064 646 2128 tur,
674 2054 772 2116 oculis
802 2054 938 2134 desuper
959 2053 1129 2135 superficiei
1158 2051 1257 2112 inlinis
1280 2050 1357 2112 duae
1380 2057 1527 2132 apparent
1549 2051 1729 2114 ferentinum
1750 2053 1882 2132 species,
1912 2071 2041 2134 quorum
2068 2060 2186 2135 majora

584 2177 738 2239 canalibus
761 2177 969 2255 cartilagineis,
991 2176 1111 2236 nunoru
1129 2173 1210 2235 villis
1233 2174 1334 2256 quoad
1362 2191 1521 2236 nnmerum
1542 2173 1727 2256 respondere
1750 2165 1897 2236 dicunbn.
1950 2175 2028 2238 ilinc
2057 2179 2185 2258 primatu

584 2299 797 2379 particularum
831 2298 909 2360 ossis
939 2297 1134 2377 digestionem
1163 2298 1407 2376 conjunctionem
1435 2315 1508 2358 esse
1530 2305 1615 2377 putat
1643 2297 1787 2360 librarum
1813 2298 2068 2378 tenuissimarum,
2102 2321 2180 2384 qnae

584 2423 643 2484 situ
656 2420 804 2502 parallelo
816 2423 904 2499 juxta
917 2420 1035 2501 positae
1049 2419 1170 2482 tubulos
1182 2419 1289 2482 breves
1303 2419 1425 2502 (villos)
1439 2417 1576 2482 lurmcnt
1601 2395 1745 2483 'Pinxinre
1766 2441 1847 2501 pone
1859 2422 1939 2483 lruue
1951 2431 2124 2487 contextum
2139 2435 2184 2488 te-

585 2545 747 2605 nerrimum
768 2551 848 2605 recte
870 2542 945 2605 vidit
967 2543 1059 2605 cellas
1081 2545 1213 2622 majores
1235 2543 1284 2604 vel
1307 2543 1436 2619 canales,
1465 2562 1572 2606 versus
1594 2542 1698 2604 tubum
1719 2544 1915 2607 medullarem
1946 2548 2041 2627 magis
2071 2550 2181 2630 magis-

584 2687 643 2750 que
666 2667 873 2748 ampblieatos
910 2668 945 2728 ln
962 2666 1177 2744 manumulibns,
1200 2664 1313 2742 avibus,
1336 2665 1477 2748 piscibus,
1500 2667 1625 2728 eandem
1637 2667 1846 2730 ussilicationis
1857 2669 2006 2732 rationem
2021 2692 2088 2735 esse
2100 2672 2183 2736 vidit

745 2793 884 2872 Tempus,
908 2809 969 2874 quo
992 2792 1089 2871 prima
1111 2791 1321 2853 ossilicatienis
1344 2790 1470 2868 vestigia
1492 2797 1646 2870 apparent,
1668 2791 1699 2851 in
1720 2793 1813 2853 variis
1836 2794 2042 2871 aninrantibus,
2064 2815 2122 2875 pro
2139 2799 2184 2859 in-

584 2923 751 2991 cremento,
780 2934 842 2996 quo
872 2920 942 2976 sunt
970 2913 1064 2991 magis
1091 2913 1227 2972 ninusve
1254 2911 1366 2986 celere,
1395 2929 1540 2991 perquam
1563 2911 1673 2987 differt,
1702 2931 1802 2994 neque
1823 2913 1903 2975 idem
1925 2922 1971 2976 est
1991 2917 2023 2978 in
2046 2919 2186 2984 omnibus

584 3037 723 3116 corporis
746 3035 874 3096 ossibus.
919 3033 1090 3096 Biclard
1114 3033 1165 3114 (l)
1184 3035 1249 3113 jam
1272 3032 1304 3093 in
1327 3032 1489 3112 embryone
1512 3033 1643 3096 liumano
1667 3034 1783 3096 dierum
1805 3036 1923 3100 circiter
1938 3040 2051 3104 XXX.
2073 3055 2186 3125 puncta

585 3177 675 3220 ossea
695 3157 772 3219 vidit
792 3155 971 3218 claviculam
993 3164 1024 3219 et
1045 3156 1182 3218 maxillas
1204 3156 1348 3230 tenentia;
1371 3157 1507 3238 proxime
1530 3165 1696 3239 sequnntur
1719 3167 1821 3221 costae
1845 3167 1875 3222 et
1897 3163 2011 3226 ossium
2022 3165 2183 3248 longorum

584 3281 753 3362 diaphyses,
774 3288 886 3361 postea
903 3300 977 3342 ossa
995 3279 1056 3342 lata
1079 3279 1173 3341 cranii
1195 3287 1224 3340 et
1246 3279 1350 3360 pelvis,
1373 3300 1460 3341 arcus
1482 3279 1690 3342 vertebrarum
1711 3303 1737 3345 e.
1761 3303 1785 3345 s.
1807 3305 1838 3364 p.
1865 3318 1911 3334 -
1954 3287 1989 3349 ln
2011 3292 2184 3355 universnm
2222 3337 2228 3348 .

584 3425 655 3468 ossa
677 3404 848 3485 spongiosa,
871 3403 1067 3466 euneiiurmia
1089 3411 1243 3484 postremo
1267 3423 1365 3485 eoque
1387 3404 1492 3480 serius,
1515 3423 1576 3485 quo
1599 3406 1811 3483 suntminora,
1834 3409 2031 3489 ossiiicantnr,
2054 3414 2095 3475 ita
2117 3415 2183 3496 qui-

584 3529 665 3605 dem,
694 3534 728 3590 ut
757 3547 828 3590 ossa
850 3527 933 3608 carpi
962 3534 993 3590 et
1013 3527 1086 3590 tarsi
1114 3526 1208 3606 longo
1239 3527 1336 3588 adbuc
1357 3535 1428 3608 post
1454 3533 1557 3588 uatum
1586 3533 1722 3610 tempore
1744 3530 1954 3611 cartilaginosa
1984 3535 2057 3608 sint;
2085 3555 2183 3619 neque

583 3661 682 3714 tamen
704 3659 786 3714 certa
806 3652 961 3734 llucnsque
983 3651 1108 3732 reperiri
1131 3649 1229 3732 potuit
1250 3651 1363 3730 regula

742 3777 789 3836 Ex
810 3777 856 3850 iis,
878 3795 955 3856 quae
977 3795 1068 3854 supra
1091 3774 1182 3836 allata
1205 3783 1282 3850 sunt,
1304 3774 1405 3856 liquet,
1428 3790 1544 3837 summa
1567 3776 1687 3857 quidem
1710 3785 1800 3860 atque
1820 3777 1976 3855 universa,
2005 3793 2083 3863 quae
2105 3787 2181 3847 ossi.

583 3897 754 3958 ficationem
776 3903 919 3974 spectant,
940 3897 1022 3955 baud
1044 3895 1265 3956 corrtemnenda
1284 3896 1464 3974 cognitionis
1485 3895 1554 3958 luce
1577 3897 1724 3960 illustrata
1746 3919 1820 3976 esse,
1843 3900 1961 3979 singula
1980 3919 2055 3966 vero
2071 3910 2182 3972 otenb-

582 4019 683 4081 tiliora
706 4018 744 4080 cd
766 4017 980 4098 perlectionem
1003 4015 1137 4078 nondum
1159 4016 1343 4096 pervenisse.
1390 4018 1493 4096 Longe
1517 4017 1608 4093 abest,
1631 4027 1664 4080 ut
1687 4020 1807 4083 ultimae
1830 4024 2054 4103 ducentae,
2077 4033 2182 4111 cupio.

582 4141 715 4218 sissinris
739 4161 816 4224 quae
834 4143 900 4220 jem
921 4147 1048 4216 exeunt,
1072 4137 1265 4219 opinionibus
1295 4159 1405 4200 trovam
1428 4140 1591 4217 additurus,
1615 4140 1822 4206 dilucidandae
1844 4143 1924 4207 vires
1947 4144 2118 4227 impendere
2129 4173 2182 4217 ve-

581 4265 636 4327 lim
657 4283 755 4339 meas3
783 4263 843 4326 too
869 4271 984 4326 nutum
1006 4264 1067 4344 egi,
1096 4269 1130 4326 ut
1157 4269 1294 4322 naturam
1326 4262 1451 4324 ulterius
1474 4263 1661 4343 indagarem,
1689 4265 1786 4346 qualis
1815 4251 1951 4330 snasibus
1981 4274 2092 4338 nostris
2114 4297 2183 4342 sese

583 4389 681 4452 offert
725 4387 877 4467 cartilago
900 4387 977 4450 ossis
999 4386 1208 4450 forman'enem
1232 4386 1411 4448 antecedens
1434 4387 1472 4446 ad
1493 4385 1625 4448 habitum
1649 4387 1767 4468 quidem
1797 4395 1828 4449 et
1855 4391 2011 4470 qualitates
2041 4397 2182 4480 physices

582 4512 654 4575 satis
676 4518 749 4574 nota
771 4518 829 4584 est;
852 4510 1021 4592 nequedum
1043 4511 1110 4589 ejus
1133 4517 1282 4571 structura
1304 4529 1339 4569 ae
1363 4516 1480 4570 textura
1501 4508 1628 4570 interior
1649 4509 1689 4570 ita
1712 4509 1891 4576 dilucidatae
1913 4523 1990 4594 sunl,
2012 4529 2046 4583 nt
2069 4523 2181 4590 deme.

582 4634 775 4717 tamorplrosi,
798 4653 888 4718 quam
910 4633 986 4694 inter
1009 4631 1241 4696 ossiticatinuem
1262 4632 1481 4714 perpetiuntur,
1511 4631 1599 4694 statui
1630 4633 1790 4716 quidquam
1819 4639 1925 4717 possit
1977 4645 2046 4724 Quo
2069 4647 2180 4712 factm

743 4895 786 4970 (ι)
804 4901 824 4953 r.
843 4917 868 4954 a.
887 4917 912 4964 p.
932 4899 994 4954 ara.
