4768 5894
1377 527 1457 614 248

778 753 839 814 Res
862 755 961 813 autem
983 750 1142 832 praecipue
1163 749 1223 811 boc
1245 748 1316 812 loco
1339 748 1534 830 respicienda,
1556 753 1586 810 ct
1604 766 1684 831 quae
1705 746 1834 810 maxime
1856 745 2011 810 induxisse
2037 743 2157 810 videtur
2175 747 2215 810 il·

617 877 681 940 lum
707 895 852 954 errorem,
872 882 907 938 ut
928 881 1025 938 totum
1046 894 1082 938 os
1105 879 1275 937 emortuum
1298 893 1364 936 esse
1386 873 1566 951 crederetur,
1587 873 1620 934 in
1643 893 1680 936 eo
1700 878 1854 948 versatur,
1882 869 1965 954 qnod
1986 869 2066 934 baud
2088 889 2158 935 raro
2178 891 2219 934 ex

616 1011 719 1066 vetere
746 1021 816 1065 osse
837 999 880 1062 nil
901 1005 1055 1080 postremo
1079 1004 1185 1076 restat,
1218 997 1267 1063 vel
1291 1004 1388 1075 certe,
1421 997 1505 1080 quod
1525 1001 1625 1074 restet,
1653 996 1689 1058 in
1708 1015 1792 1060 novo
1816 1015 1885 1058 osse
1907 994 2004 1057 oculis
2026 1014 2091 1058 non
2112 995 2219 1078 depre-

618 1125 767 1190 henditur.
810 1123 967 1216 imprimis,
989 1130 1023 1185 ut
1045 1121 1111 1204 ip'se
1129 1124 1163 1184 'in
1186 1121 1334 1203 palumbis
1357 1121 1523 1198 observavi,
1545 1121 1577 1182 in
1599 1120 1738 1184 tenuibus
1760 1119 1860 1184 avium
1882 1118 2000 1182 ossibus
2020 1119 2081 1182 boc
2104 1119 2217 1186 accidit.

618 1250 740 1314 Scilicet
760 1249 858 1330 ipsum
881 1254 1045 1309 extremum
1068 1248 1146 1310 ossis
1169 1253 1292 1308 stratum
1315 1245 1520 1328 resorptione,
1553 1263 1630 1328 quae
1661 1245 1701 1307 ad
1730 1243 1927 1326 separandam
1948 1243 2090 1306 necrosin
2113 1244 2214 1320 existit,

617 1375 758 1449 auiertnr,
781 1378 811 1434 et
833 1379 988 1454 sequester
1010 1371 1129 1433 demum
1150 1377 1306 1452 separatus
1330 1390 1466 1451 asperam
1488 1369 1676 1450 superficiem
1698 1369 1832 1444 exlribet3
1850 1387 1957 1432 verum
1967 1385 2007 1430 ne
2028 1367 2078 1430 laic
2100 1367 2214 1452 quidem

617 1497 803 1560 necrotionm
825 1495 901 1557 illud
924 1502 1048 1558 stratum
1070 1497 1171 1574 luisse,
1194 1494 1383 1576 resorptione
1405 1495 1437 1557 in
1459 1513 1497 1556 eo
1519 1495 1598 1556 iacta
1619 1493 1833 1556 manifestatur.

779 1620 870 1701 Quod
893 1620 919 1683 si
942 1619 1033 1701 igitur
1054 1627 1139 1682 extra
1161 1619 1373 1682 dubitationem
1396 1619 1528 1700 positum
1551 1623 1603 1695 est,
1625 1617 1657 1681 in
1679 1616 1809 1694 cuncis,
1838 1615 1876 1677 de
1902 1614 2014 1698 quibus
2040 1614 2088 1676 bic
2110 1616 2213 1696 agitur,

619 1744 828 1827 experimentis
840 1751 869 1806 et
884 1744 1152 1820 observationibus,
1175 1743 1429 1825 regenerationem
1451 1741 1661 1824 spectantibus,
1684 1739 1863 1804 crassius
1885 1739 1949 1801 vel
1970 1738 2122 1801 tenuius
2144 1739 2213 1802 ali-

618 1869 721 1954 quod
742 1875 904 1932 stratum
936 1867 1037 1931 ossis
1066 1869 1210 1930 veteris
1237 1867 1367 1931 vivum
1394 1867 1595 1943 mansisse,
1619 1867 1683 1947 jam
1704 1866 1780 1927 haec
1801 1863 1897 1927 oritur
1919 1862 2063 1947 quaestio,
2083 1862 2149 1946 qaid
2171 1865 2209 1926 ad

617 1993 814 2076 effingendam
836 2011 946 2054 novam
968 1959 1163 2055 substantiam
1184 2010 1302 2056 osseam
1324 1992 1355 2052 id
1377 1998 1502 2054 stratum
1522 1991 1621 2053 iaciat.

777 2121 890 2180 Omnes
913 2117 964 2200 qui
982 2116 1219 2198 regenerationis
1240 2135 1416 2198 processum
1439 2135 1457 2178 a
1477 2113 1649 2198 primordiis
1680 2113 1854 2205 persequuti
1875 2117 1961 2190 sunt,
1993 2118 2058 2174 tum
2088 2111 2213 2174 exsuda-

617 2244 729 2306 troncm
747 2243 828 2303 inter
850 2261 885 2303 os
908 2246 939 2303 et
965 2242 1148 2322 periostcum
1175 2242 1284 2302 iactam
1312 2240 1464 2317 viderunt,
1495 2247 1560 2302 tum
1592 2239 1740 2322 liquorem
1768 2236 1946 2299 exsudatum
1973 2235 2058 2299 initio
2089 2241 2215 2314 munem,

618 2367 687 2429 dein
710 2365 907 2446 gelatinosum
930 2363 1093 2445 paullatim,
1116 2364 1188 2425 dum
1210 2364 1299 2425 simul
1328 2366 1394 2442 ejus
1417 2364 1506 2445 copia
1526 2369 1690 2443 augeatur,
1717 2362 1755 2451 ¹in
1783 2349 2005 2442 cartilagineam
2038 2355 2216 2444 osseamque

618 2489 815 2553 substantiam
842 2487 1040 2550 observarunt
1073 2486 1197 2563 mutari3
1231 2487 1310 2550 idem
1343 2507 1428 2549 meae
1450 2507 1498 2550 me
1521 2486 1741 2570 disquisitiones
1764 2485 1904 2547 docuere.
1949 2484 2039 2548 Solus
2062 2485 2219 2576 Scarpa¹

619 2623 649 2676 ct
670 2614 721 2697 qui
744 2633 812 2674 eum
834 2612 929 2674 secuti
951 2618 1028 2687 snut,
1049 2611 1081 2671 in
1098 2612 1160 2672 hac
1181 2629 1215 2672 re
1237 2611 1324 2674 nobis
1348 2611 1481 2686 obstant;
1504 2612 1554 2694 qui
1576 2629 1673 2695 neque
1696 2609 1922 2672 exsudationem
1940 2609 2014 2686 lieri,
2034 2609 2218 2692 nequesub·

618 2737 753 2800 stantiam
778 2755 896 2799 osseam
918 2753 989 2796 vere
1011 2753 1122 2797 novam
1144 2733 1252 2816 effingi,
1275 2735 1330 2798 sed
1352 2735 1544 2799 solummodo
1567 2742 1707 2812 stratum,
1735 2733 1817 2818 quod
1838 2734 1940 2797 vivum
1963 2752 2001 2794 ex
2021 2752 2093 2796 osse
2117 2743 2216 2798 vetere

616 2865 776 2936 remaneat,
799 2858 928 2922 emolliri
951 2865 980 2925 et
1002 2860 1199 2922 intumescere
1220 2859 1335 2924 volunt.
1383 2861 1435 2922 Ex
1466 2861 1603 2924 omnibus
1629 2860 1691 2922 illis
1720 2879 1799 2922 unus
1829 2859 1971 2940 Scarpa
2002 2857 2212 2938 experimentis

617 2983 656 3047 ad
678 2986 754 3046 hanc
775 2984 874 3065 ipsam
896 3003 961 3045 rem
982 2983 1122 3046 institutis
1144 2983 1265 3062 nititurr
1288 3004 1364 3067 quae
1387 2986 1554 3047 accuratius
1574 2988 1638 3064 jam
1656 2983 1858 3046 vexaminanda
1875 2989 1957 3044 sunt.

775 3108 811 3168 In
833 3107 1047 3170 commentario
1069 3107 1172 3189 priore
1193 3115 1240 3189 (p.
1263 3105 1334 3184 25.)
1357 3107 1417 3170 lroc
1438 3109 1573 3190 Scarpa
1592 3111 1709 3170 narrat:
1737 3106 1830 3168 »Gaui
1851 3105 1963 3170 tenello
1981 3105 2117 3169 nondum
2128 3108 2204 3170 unias

622 3231 749 3293 »mensis
771 3231 888 3292 radium
911 3231 1134 3312 perforaveram
1157 3230 1195 3292 ad
1217 3232 1415 3295 meditullium
1437 3252 1540 3315 usque,
1561 3251 1675 3315 perque
1698 3231 1783 3293 illum
1805 3229 1916 3292 hiatum
1938 3229 2064 3310 specillo
2087 3251 2141 3296 sus
2164 3233 2210 3294 de-

623 3373 698 3437 aque
720 3354 827 3415 adacto
850 3354 1012 3415 medullam
1033 3361 1231 3434 vastaveram,
1254 3375 1442 3438 caveamque,
1465 3355 1671 3418 seu‘tistulam
1692 3355 1769 3416 radii
1796 3355 2000 3432 medullarem,
2021 3355 2080 3418 iilis
2103 3356 2211 3436 carptis

622 3479 669 3540 »vi
691 3476 812 3540 intrusis
836 3482 974 3537 accurate
997 3476 1190 3558 repleveram,
1212 3497 1275 3539 non
1297 3479 1361 3540 sine
1383 3497 1492 3558 magna
1514 3477 1597 3540 illata
1618 3480 1728 3557 injuria
1749 3479 1866 3542 interno
1889 3478 2007 3541 fistulae
2030 3497 2136 3542 osseae
2157 3499 2212 3561 pa-

622 3602 715 3666 »rieti
760 3602 888 3664 Postero
911 3600 959 3662 die
981 3601 1119 3663 intramuit
1140 3603 1329 3664 vehementer
1350 3607 1445 3664 totum
1468 3621 1545 3664 crus.
1590 3602 1679 3664 Circa
1700 3609 1824 3678 sextum,
1846 3603 1973 3684 copioso
1995 3622 2072 3684 pure
2094 3605 2212 3666 desan-

622 3727 687 3790 „cio
716 3726 788 3789 loco
819 3725 982 3803 detinente,
1015 3732 1115 3806 partes
1145 3726 1251 3788 molles
1281 3726 1398 3788 vulneri
1427 3726 1654 3808 circumpositae
1684 3724 1885 3801 subsiderunt;
1917 3727 1995 3788 radii
2024 3747 2060 3791 os
2081 3728 2211 3792 vicissim

622 3851 728 3913 »valde
750 3850 896 3913 tumidum
918 3855 1070 3931 repertum
1092 3855 1144 3926 est,
1167 3850 1304 3934 idemque
1326 3851 1437 3913 sensim
1466 3852 1559 3932 magis
1589 3852 1619 3912 in
1649 3849 1712 3913 dies
1736 3850 1880 3927 excreuit,
1915 3850 2014 3914 donec
2034 3851 2116 3914 circa
2139 3871 2210 3936 qua·

624 3974 840 4054 „dragesimam
862 3973 941 4036 diem
962 3992 1099 4053 magrmm
1123 3976 1277 4037 exostosin
1299 3975 1508 4038 aemularetur.
1553 3975 1688 4038 Mactato
1701 3995 1783 4051 cane,
1805 3979 1948 4057 sectoque
1971 3975 2067 4053 radio,
2090 3975 2127 4038 de
2151 3996 2210 4060 quo

623 4098 745 4190 »agituq
767 4098 932 4160 secundum
953 4096 1183 4176 longitudinem,
1215 4109 1366 4179 repertum
1389 4106 1449 4175 est,
1472 4105 1567 4160 toturn
1589 4099 1670 4160 illius
1698 4099 1776 4162 ossis
1799 4098 1940 4160 corticem
1961 4099 1991 4160 in
2015 4106 2128 4164 textum
2151 4101 2211 4164 cel-

623 4219 772 4282 ‚lutosum
795 4241 959 4302 expansum
982 4221 1082 4298 luisse,
1104 4227 1193 4302 atque
1215 4242 1308 4303 porro
1333 4223 1410 4286 ossis
1432 4223 1508 4290 radii
1530 4223 1667 4304 parietes,
1689 4223 1740 4303 qui
1761 4222 1793 4282 in
1815 4222 2210 4287 eocatellocrassitudinem

625 4341 779 4404 ..dimidiae
801 4344 898 4406 lineae
920 4347 971 4408 vix
994 4344 1170 4428 aequabant,
1192 4345 1223 4408 in
1246 4347 1401 4428 spongiam
1424 4366 1542 4410 osseam
1565 4343 1767 4428 amplitudinis
1788 4363 1843 4406 sex
1862 4353 1896 4408 et
1916 4347 2043 4429 amplius
2064 4349 2211 4412 linearum

624 4485 805 4550 »conversos
827 4467 946 4530 inisse«
998 4469 1129 4550 ,adjecta
1159 4470 1318 4534 delineatio
1348 4469 1424 4555 (tab.
1447 4473 1484 4534 ΙΙ.
1507 4471 1557 4551 lig.
1581 4467 1636 4552 11.)
1664 4487 1699 4530 os
1722 4468 1866 4532 tumidum
1888 4472 1979 4533 refert
1999 4471 2077 4534 telae
2100 4493 2209 4557 aequa-

618 4593 687 4656 liter
708 4590 901 4673 spongiosae,
925 4592 1107 4655 extrinsecus
1130 4593 1161 4656 in
1185 4596 1326 4658 corticem
1353 4595 1505 4678 aliquanto
1537 4592 1706 4656 densiorem
1727 4601 1911 4670 contractae;
1945 4615 1984 4658 ex
2012 4597 2119 4662 tubulo
2146 4619 2206 4661 me

618 4717 728 4778 dullari
749 4715 792 4778 nil
814 4715 951 4778 relictum
974 4723 1098 4794 apparet
1118 4726 1237 4796 praeter
1259 4721 1399 4799 exiguum
1421 4717 1571 4800 quoddam
1594 4737 1700 4780 mrum
1726 4739 1797 4781 *cum
1825 4719 1906 4782 hiatu
1936 4719 1975 4782 ad
1997 4721 2206 4786 destruendam

617 4839 779 4902 medullam
801 4841 900 4902 lorato
924 4839 1125 4919 conjunctum.
1181 4841 1250 4904 Hoc
1282 4843 1517 4924 experimentum
1546 4849 1628 4906 certo
1662 4844 1840 4908 confirmare
1872 4843 2009 4909 videatur
2037 4845 2206 4930 Scarpae

618 4963 807 5037 amendam
844 4971 934 5047 atque
962 4963 1124 5040 wnliteor,
1156 4983 1256 5029 meum
1289 4983 1408 5050 quoque
1430 4948 1673 5033 animum'initio
1696 4969 1817 5032 dubium
1839 4969 1949 5034 iactum
1968 4990 2048 5036 esse.
2091 4972 2154 5036 Sed
2174 4979 2206 5036 ut
