4768 5894
966 537 1047 612 223

365 745 401 808 lu
430 745 476 810 bia
503 745 595 826 igitur
621 745 834 828 experimentis
863 763 941 828 qnae
969 749 1189 827 apparuerunt,
1219 743 1246 806 si
1275 761 1484 823 comparamus
1503 761 1571 804 cum
1592 741 1644 818 iis,
1676 725 1808 825 quaein

203 867 342 932 fracturis
371 867 559 950 simplicibus
581 868 821 944 observavimus,
850 869 976 932 eandem
999 869 1031 930 in
1055 869 1227 930 universum
1249 867 1414 930 sanationis
1436 867 1584 931 rationem
1607 871 1695 947 atque
1718 867 1799 930 viam

202 1009 270 1053 esse
291 990 438 1054 videmus.
484 993 589 1054 Partes
610 992 719 1056 molles
740 992 906 1072 mmeliunt,
930 993 1008 1055 inter
1029 1011 1062 1054 se
1085 991 1260 1053 coalcscrmt
1281 989 1495 1072 capsulamqne
1517 990 1629 1051 cneum
1642 990 1803 1052 fracturam

199 1113 362 1193 effingunt3
393 1115 481 1194 cujus
504 1133 542 1176 ex
564 1115 641 1177 sacia
664 1115 796 1193 interna,
820 1123 949 1197 atquae
971 1114 1119 1190 medulla,
1142 1114 1214 1176 licet
1236 1134 1274 1176 ex
1296 1115 1362 1190 lma,
1388 1121 1481 1194 prout
1505 1132 1604 1174 rerum
1630 1119 1675 1174 est
1697 1111 1805 1174 condi·

199 1235 251 1311 tio,
273 1235 353 1296 haud
376 1244 533 1318 perpetuo,
557 1256 637 1299 nova
659 1237 825 1300 substantia
847 1238 974 1318 prosilit,
997 1247 1036 1322 et,
1059 1258 1136 1319 quae
1160 1258 1196 1300 cx
1221 1245 1346 1319 utraque
1369 1243 1439 1298 nata
1455 1243 1510 1314 cst,
1535 1235 1654 1296 tandem
1667 1235 1804 1296 inunum

199 1365 332 1420 comata
359 1359 478 1439 singula
504 1361 670 1440 fragmenta
699 1358 844 1434 involvite
874 1379 912 1421 ex
942 1360 1106 1442 quoidam
1129 1381 1195 1422 esse
1219 1363 1295 1422 laeuo
1317 1359 1514 1422 substantiam
1537 1377 1606 1418 cum
1628 1377 1681 1433 aa,
1714 1377 1803 1438 quam

199 1480 405 1543 intermediam
426 1483 618 1557 vocavimus,
645 1488 754 1562 sponte
777 1482 886 1546 elucet.
929 1483 1051 1544 Seriore
1075 1491 1223 1564 tempore,
1255 1484 1340 1544 utin
1363 1491 1471 1565 quarto
1495 1481 1703 1562 experimento
1726 1479 1803 1542 ridi·

199 1623 284 1683 mus,
314 1604 388 1666 baec
415 1604 581 1666 substantia
609 1605 810 1668 membranam
833 1606 983 1688 quandam
1005 1606 1097 1668 relect
1119 1606 1456 1681 libroso-collulosam,
1480 1625 1499 1666 a
1520 1604 1644 1687 reliquis
1667 1601 1802 1684 partibus

198 1725 340 1790 mollibus
362 1726 451 1788 facile
473 1727 688 1807 separandam,
716 1735 747 1790 et
768 1727 937 1810 periosteo,
965 1729 1048 1810 quod
1071 1729 1102 1792 in
1125 1729 1273 1822 fracturis.
1286 1729 1471 1809 simplicibus
1495 1728 1607 1790 callum
1628 1724 1801 1789 obvestiens

199 1866 304 1912 recens
327 1849 495 1929 elbngitur,
518 1851 761 1931 comparandam.
805 1853 910 1934 ltaque
932 1853 991 1914 boc
1014 1852 1113 1915 solum
1136 1853 1272 1928 interest,
1295 1852 1376 1934 quod
1400 1853 1432 1912 in
1455 1851 1610 1926 fracturis,
1632 1849 1671 1911 de
1693 1847 1801 1930 quibus

196 1974 257 2035 boe
278 1972 351 2034 leco
373 1971 507 2048 dicimus,
529 1993 589 2054 pus
611 1974 758 2035 ionumur
778 1993 918 2057 novaque
941 1975 1107 2038 substantia
1128 1976 1258 2056 primum
1281 1975 1382 2037 oriens
1404 1974 1649 2054 granulationum
1670 1970 1801 2051 speciem

197 2113 270 2176 prae
298 2114 333 2156 se
361 2095 426 2156 fert.
479 2094 652 2157 Substantia
674 2095 762 2174 calli,
792 2117 869 2179 quae
892 2117 999 2160 carum
1022 2098 1187 2160 medullare
1210 2098 1329 2178 explet,
1359 2117 1444 2159 mera
1467 2095 1683 2172 exsudatione,
1714 2092 1800 2156 utin

197 2217 337 2280 fracturis
365 2215 566 2297 simplicibus,
596 2219 702 2282 oritur.
751 2219 860 2302 Neque
887 2221 984 2282 ruinas
1008 2221 1174 2300 primordia
1196 2220 1266 2282 calli
1290 2221 1420 2296 externi,
1449 2240 1509 2303 qua
1531 2218 1714 2299 periosteum
1736 2213 1799 2281 ossi

198 2340 297 2403 adbuc
326 2339 482 2418 adhaeret,
504 2341 806 2405 meraexsudatione
835 2344 1002 2424 linguntur;
1024 2343 1151 2406 simulac
1178 2363 1253 2406 vero
1275 2341 1372 2406 callus
1394 2343 1475 2405 ultra
1496 2341 1582 2404 illum
1603 2341 1706 2405 locum
1727 2355 1798 2418 pror

197 2463 304 2540 cessit,
334 2462 484 2545 reliquum
511 2463 771 2544 granuladmibue
801 2485 870 2528 cnm
899 2467 983 2546 puris
1004 2467 1174 2530 secretione
1200 2467 1393 2529 nascentibus
1415 2467 1570 2528 formatur.
1616 2465 1680 2526 Cur
1701 2467 1800 2522 autem

196 2586 307 2670 lentius
330 2604 436 2648 omnes
457 2587 514 2648 bae
536 2587 731 2650 formationes
753 2590 928 2668 procedant,
951 2591 1039 2651 facile
1062 2591 1161 2652 elucet
1183 2609 1221 2651 ex
1243 2591 1289 2665 iis,
1312 2588 1450 2670 quaeda
1473 2586 1705 2650 inflammatione
1728 2602 1800 2663 sup·

197 2709 336 2790 pnran'va
357 2709 520 2788 generatim
543 2706 635 2769 allata
656 2715 737 2772 sunt.

357 2831 494 2893 Maxima
521 2836 623 2892 autem
650 2830 729 2894 inter
755 2831 940 2894 sanationem
964 2834 1161 2894 tracturarum
1184 2831 1363 2914 simplicium
1397 2839 1427 2893 et
1462 2829 1691 2912 suppurantium
1724 2829 1798 2890 baec

196 2954 352 3018 intercedit
373 2953 548 3030 differentia,
570 2952 654 3035 quod
678 2953 765 3016 aliter
787 2955 819 3017 iu
841 2955 886 3017 his
909 2956 984 3018 lines
1009 2958 1242 3036 fragmentorum
1265 2955 1408 3017 denudati
1430 2955 1558 3036 callique
1580 2951 1704 3016 serioris
1726 2969 1797 3012 evo·

196 3079 272 3142 lutio
296 3096 364 3139 sese
378 3077 497 3140 babent.
542 3077 577 3138 ln
599 3077 805 3158 experimento
828 3077 916 3141 tertio
940 3085 970 3140 et
991 3086 1099 3160 quarto
1122 3079 1194 3162 quin
1217 3088 1319 3159 partes
1342 3079 1456 3141 ossium
1479 3077 1646 3139 denudatae
1668 3071 1797 3136 uerruti-

196 3221 250 3264 eae
280 3207 395 3280 essent,
433 3199 577 3282 quoniam
606 3201 808 3264 extollatiouis
839 3201 1007 3282 incipientis
1037 3201 1274 3264 luculentissima
1306 3202 1464 3264 exstabant
1492 3201 1631 3280 vestigia,
1669 3194 1798 3258 dubitari

197 3324 285 3386 nullo
313 3322 407 3386 modo
429 3327 560 3403 poterat3
591 3327 680 3405 atque
702 3323 733 3386 in
756 3323 879 3406 reliquis
901 3343 1024 3407 quoque
1046 3325 1257 3406 experimentis
1280 3323 1367 3388 color
1389 3325 1476 3388 albus
1498 3323 1628 3398 ossium,
1657 3317 1797 3382 necrosin

198 3447 337 3523 adfuisse,
360 3446 554 3508 demonstrat.

356 3569 424 3631 Uno
447 3575 561 3631 tautam
582 3567 678 3631 latere
699 3569 909 3633 confluebatur
929 3572 1079 3650 necrosis,
1102 3573 1127 3634 si
1151 3571 1293 3648 alterum,
1316 3579 1351 3635 ut
1372 3573 1505 3648 videtin,
1529 3572 1566 3632 ab
1590 3567 1673 3631 initio
1696 3565 1797 3646 perio-

196 3701 262 3756 steo
284 3689 429 3754 nudatum
449 3710 514 3754 uon
536 3694 651 3772 fuerat3
673 3699 770 3755 totum
793 3711 866 3758 vero
889 3694 1031 3756 ambitum
1053 3695 1122 3757 linis
1144 3695 1302 3774 fragmenti
1325 3695 1579 3774 amplectebatur,
1600 3691 1627 3754 si
1650 3695 1715 3752 toto
1738 3687 1796 3748 cir-

195 3815 279 3880 cuitu
307 3813 490 3894 periosteum
517 3815 657 3878 avulsum
679 3816 784 3877 iuerat.
828 3815 958 3892 Eadem
987 3817 1013 3876 si
1035 3815 1168 3877 medulla
1190 3837 1285 3897 usque
1309 3817 1347 3877 ad
1369 3817 1518 3894 margines
1547 3816 1694 3875 tracturae
1722 3827 1796 3872 saua

198 3944 362 4014 manserat,
384 3936 481 4000 solam
504 3938 582 4000 ossis
606 3937 797 4020 superficiem
819 3937 1017 4018 corripiebat;
1040 3937 1088 4000 aiu
1110 3937 1178 4018 ipsa
1200 3938 1348 4013 medulla,
1370 3936 1628 4012 inflammationis,
1658 3941 1692 4000 ut
1712 3932 1796 3999 vids·

197 4063 298 4138 batur,
321 4059 505 4126 vebeuremia
521 4067 674 4138 ,emortua
695 4061 847 4122 destructa
869 4067 941 4138 crat,
965 4067 1138 4142 pertatem
1161 4079 1213 4139 os,
1240 4071 1388 4145 quatenus
1411 4069 1549 4126 emortua
1570 4065 1634 4121 erat
1656 4056 1796 4130 medulla,

198 4185 329 4268 patebat.
374 4185 583 4265 Congruenter
594 4183 714 4247 assulae
725 4203 792 4246 sese
804 4183 966 4258 habebunt,
989 4184 1102 4266 quaesi
1120 4185 1253 4269 nudique
1276 4193 1431 4268 separatae
1453 4191 1546 4260 eraut,
1569 4181 1600 4242 in
1623 4181 1742 4256 callum,
1764 4186 1797 4242 ut

197 4307 430 4391 exspectandum
451 4313 532 4382 erat,
557 4327 623 4370 nou
646 4307 882 4388 mcipiebautura
911 4307 1087 4370 sin'oontra
1108 4329 1177 4369 cum
1199 4310 1352 4390 periosteo
1376 4307 1413 4369 ab
1435 4325 1496 4369 una
1517 4309 1602 4388 parte
1625 4304 1723 4368 adbuc
1744 4321 1797 4366 eo·

196 4431 373 4504 haerebant,
393 4447 476 4490 nova
498 4429 589 4491 etiarn
611 4449 649 4492 ex
670 4430 707 4492 iis
727 4427 905 4511 prosiliebat
927 4428 1094 4492 substantia
1115 4449 1219 4506 ossea,
1248 4449 1343 4513 eaque
1364 4436 1480 4492 tantum
1502 4429 1692 4511 superficies,
1721 4443 1797 4509 quae

197 4575 273 4620 cavo
295 4571 371 4634 pure
394 4549 511 4630 repleto
534 4551 664 4613 obversa
684 4561 762 4630 erat,
785 4551 1036 4636 quemadmodum
1059 4554 1291 4632 fragmentorum
1314 4553 1389 4616 lines
1413 4553 1564 4630 denudati,
1586 4551 1796 4617 emoriebatur.

356 4673 520 4755 eromodo
543 4681 683 4753 separata
703 4677 821 4739 uecrosi
844 4675 990 4757 procedat
1011 4676 1137 4752 sanatio,
1159 4683 1193 4738 ut
1214 4695 1253 4738 ex
1275 4675 1536 4742 observationibus
1559 4692 1699 4738 marram
1722 4691 1795 4753 pos-

196 4803 267 4877 sim,
288 4817 351 4865 uon
373 4797 446 4862 satis
468 4796 521 4860 diu
543 4795 716 4860 matinuatr
739 4815 805 4860 esse
827 4801 1031 4881 experimenta
1052 4817 1133 4878 mea,
1160 4800 1250 4864 valde
1273 4800 1383 4878 doleoa
1406 4807 1551 4877 attamen,
1573 4817 1654 4886 quae
1677 4797 1796 4861 deside·
