4768 5894
1349 535 1429 612 22⁰

593 757 623 812 et
644 749 795 811 destructa
817 753 897 824 erat3
919 745 999 809 ultra
1019 743 1221 808 bunc-locum
1243 746 1323 810 linea
1343 747 1474 810 limitans
1496 748 1528 808 in
1550 765 1586 810 ea
1608 746 1849 828 conspiciebatur
1868 745 1985 809 intense
2007 741 2110 819 rubra,
2131 759 2189 805 no·

593 865 710 954 vaeque
739 870 921 934 substantiae
951 889 1057 932 osseae
1080 870 1188 950 exigua
1209 871 1255 934 vis
1277 891 1315 933 ex
1338 871 1456 933 intenso
1479 871 1559 934 ossis
1579 870 1693 952 pariete
1715 871 1860 951 prolecta.
1915 867 2101 948 Amat-gine
2134 867 2194 927 ire·

595 1005 699 1059 otorae
722 995 776 1056 lin.
800 991 886 1056 1-3
905 995 1073 1073 ¹fragmenta
1104 1013 1172 1055 carm
1194 995 1330 1074 partibus
1352 994 1494 1057 mollibus
1516 1013 1621 1058 rursus
1651 993 1864 1068 cohaerebant;
1885 983 1975 1075 'qnae
2008 991 2194 1064 tumefactae,

599 1119 799 1192 duriusculac,
823 1123 853 1178 et
868 1117 969 1178 multis
981 1118 1062 1179 vasis
1084 1119 1227 1196 trajectae
1249 1117 1448 1198 apparebant;
1471 1117 1622 1180 intereas
1644 1123 1734 1199 atquc
1757 1135 1801 1194 os,
1825 1105 2194 1198 peunda'ecinnactnris

598 1242 801 1322 simplicibus,
824 1239 894 1302 calli
915 1240 1081 1321 primordia
1103 1241 1380 1322 conspiciebantur,
1402 1261 1438 1302 ea
1461 1248 1562 1322 parte,
1594 1259 1673 1322 quae
1694 1239 1756 1303 ossi
1780 1239 1918 1302 obversa,
1931 1243 2012 1316 erut,
2030 1240 2095 1316 jam
2117 1235 2196 1298 ossi·

597 1367 696 1442 licata,
720 1365 815 1426 altera
835 1383 919 1440 vero,
943 1382 1021 1446 quae
1043 1364 1178 1444 partibus
1200 1363 1343 1428 mollibus
1366 1362 1494 1426 obversa
1516 1369 1588 1440 erat,
1611 1355 1812 1444 cartilagiues.
1858 1362 1951 1426 Nora
1970 1363 2045 1424 haec
2059 1359 2198 1422 substan·

600 1490 649 1564 tia,
673 1507 732 1570 qua
754 1487 869 1550 initium
892 1495 957 1548 erat
977 1487 1194 1564 denudationis,
1217 1488 1249 1549 in
1271 1487 1435 1567 marginem
1457 1487 1606 1563 obtusum,
1628 1487 1816 1563 crassiorem,
1839 1485 1923 1548 linita
1944 1491 2017 1562 erat,
2039 1489 2197 1576 caverem

599 1613 674 1673 lines
697 1611 872 1673 articulares
895 1611 1005 1674 sensim
1029 1611 1246 1672 demittebatur.

760 1735 848 1796 Puris
870 1734 1014 1814 capsulae
1036 1734 1211 1813 superficias
1225 1733 1351 1795 interior
1368 1733 1515 1796 obvestita
1538 1732 1702 1814 apparebat
1723 1731 1888 1796 substantia
1909 1733 2089 1794 flavescente
2110 1727 2159 1792 vel
2181 1747 2199 1790 e

601 1857 826 1939 grisco-albida,
849 1876 927 1937 aqua
949 1875 1011 1918 non
1034 1855 1190 1933 abluenda,
1213 1875 1290 1940 qnae
1312 1863 1437 1921 stratum
1460 1854 1636 1920 continuum
1658 1857 1807 1919 formabat
1828 1856 1962 1918 crassitie
1974 1855 2026 1916 lin.
2045 1851 2150 1929 l-lj
2168 1859 2199 1913 at

601 1999 694 2061 super
717 1987 809 2042 totam
832 1957 938 2040 faciem
961 1987 1174 2060 suppurantem
1198 1989 1312 2061 patens,
1335 1981 1804 2060 organisationisautemnullnm
1827 1979 2004 2043 ostendebat
2025 1976 2199 2054 vestigium

601 2105 720 2184 optime*
736 2104 814 2164 enim
836 2104 915 2166 iacta
937 2103 1098 2182 injectione
1120 2103 1163 2166 nil
1185 2104 1217 2165 in
1241 2125 1308 2166 cam
1329 2111 1510 2185 penetrarat.
1555 2107 1696 2168 Perseeto
1718 2105 1777 2168 boc
1799 2109 1894 2166 strato
1916 2111 1947 2165 et
1968 2101 2105 2184 partibus
2120 2097 2197 2162 mol·

601 2227 697 2306 libne,
732 2227 812 2289 vasis
835 2245 873 2289 ex
895 2227 1057 2305 injectione
1080 2227 1185 2288 colore
1207 2228 1285 2289 laete
1308 2228 1400 2289 rubro
1422 2227 1521 2290 tiarctis
1542 2229 1599 2290 hae
1621 2234 1722 2308 partes
1744 2227 1913 2290 luculenter
1940 2226 1977 2287 ab
2006 2225 2061 2288 illo
2097 2223 2198 2286 abac·

557 2409 560 2416 .
602 2359 671 2413 ctae
692 2355 792 2423 crant3
814 2349 895 2412 linea
916 2363 991 2411 vero
1014 2350 1090 2412 lines
1113 2350 1298 2412 constituens
1321 2367 1383 2410 non
1405 2357 1497 2426 recta,
1520 2350 1575 2412 sed
1597 2351 1903 2432 crenata'apparobat
1925 2355 2053 2431 propter
2063 2363 2200 2428 magnam

478 2523 485 2533 .
603 2472 663 2534 mm
687 2471 869 2552 papillarum
890 2471 971 2534 vasis
994 2469 1216 2546 abundantium,
1238 2471 1302 2532 sive
1324 2467 1574 2552 granulationum,
1596 2493 1681 2554 quae·
1696 2493 1734 2535 ex
1756 2474 1892 2554 partibus
1911 2473 1987 2536 vivis
2010 2473 2041 2534 in
2063 2471 2200 2534 substan·

603 2596 675 2656 tiam
698 2593 781 2656 illam
804 2594 940 2658 nondum
965 2594 1168 2674 organisatam
1190 2595 1431 2658 minitabantur.
1476 2597 1559 2658 llaec
1581 2596 1762 2675 substantia,
1789 2617 1850 2679 qua
1872 2595 2000 2660 confinis
2022 2601 2088 2658 arat
2111 2593 2200 2676 parti-

593 2719 661 2780 bus
683 2716 775 2793 vivis,
805 2715 1032 2798 semipcllueida
1054 2725 1119 2781 arat
1137 2725 1170 2780 et
1192 2718 1248 2781 sub
1269 2719 1473 2800 microscopio
1493 2720 1624 2800 speciem
1647 2720 1729 2782 illam
1752 2713 1878 2784 contuse¹
1899 2719 2108 2800 granulesam,
2138 2735 2198 2779 rna·

603 2841 696 2902 terias
718 2839 878 2920 plasticae,
908 2859 984 2922 quae
1007 2842 1037 2902 in
1061 2841 1237 2905 exsudatira
1259 2840 1492 2906 inflammatione
1514 2844 1689 2920 effunditur,
1719 2845 1872 2925 propriam
1895 2842 2069 2917 exlribebat3
2097 2857 2199 2904 versus

603 2983 712 3026 cavum
733 2983 808 3028 vero
831 2981 908 3044 pure
930 2964 1076 3044 repletum
1100 2965 1219 3028 turbida
1241 2966 1339 3040 tiebat,
1362 2966 1538 3048 globulique
1559 2968 1643 3046 puris
1667 2967 1697 3027 in
1721 2987 1757 3029 ea
1781 2961 2043 3048 dignoscebantur.
2090 2963 2198 3026 Eadem

602 3089 693 3164 liujus
716 3087 797 3162 cavi,
820 3087 857 3146 de
880 3106 941 3167 qno
960 3087 1025 3164 jam
1048 3106 1141 3168 supra
1164 3091 1247 3168 (pag.
1274 3087 1363 3165 193.)
1387 3087 1497 3150 dictum
1521 3085 1581 3166 est,
1596 3090 1635 3152 ln
1658 3089 1781 3174 reliquis
1804 3091 1921 3154 casibus
1955 3089 2090 3153 conditio
2125 3093 2200 3159 erat3

605 3227 699 3289 quare
721 3207 806 3269 nialla
827 3207 955 3289 amplius
977 3210 1067 3289 hujus
1090 3211 1134 3271 rei
1155 3212 1268 3304 mentio
1290 3211 1449 3291 injiciatur.

1031 3421 1146 3485 Diebus
1175 3423 1345 3504 quindecim
1373 3431 1443 3506 post
1471 3425 1579 3504 iactam
1607 3428 1778 3492 fracturam.
1868 3500 1871 3510 ,

764 3577 868 3640 Partes
889 3576 1007 3655 molles,
1029 3588 1064 3639 ut
1086 3578 1116 3640 in
1129 3597 1202 3642 casn
1213 3582 1476 3664 supradescriptn,
1500 3585 1760 3666 cavnmamplum
1782 3581 2047 3666 pnrcsemilluido,
2068 3585 2201 3648 doccoso

604 3701 759 3782 repletum,
781 3702 966 3764 effinxerunt
1012 3702 1098 3764 ‘libia
1120 3701 1273 3786 aliquanto
1296 3707 1373 3768 infra
1395 3707 1525 3770 medium
1553 3727 1571 3770 e
1598 3711 1770 3772 transverso
1800 3710 1895 3771 iracta
1916 3709 2092 3791 apparebam
2123 3709 2201 3786 nng-

603 3831 704 3886 menta
725 3824 782 3887 sibi
803 3825 931 3888 invicem
953 3827 1185 3907 superimposita
1207 3836 1308 3904 erant;
1331 3839 1487 3911 practerea
1510 3849 1528 3892 a
1551 3827 1716 3912 magmenta
1740 3825 1881 3896 interiore
1899 3833 2001 3896 assula
2016 3831 2202 3912 longitudine

604 3947 667 4004 fere
696 3944 814 4023 pollicis
842 3949 931 4008 nnius
965 3957 1103 4027 separata
1135 3968 1234 4032 neque
1256 3969 1330 4014 vero
1359 3974 1378 4015 a
1405 3955 1559 4034 pcn'osteo
1592 3955 1698 4018 auulsa
1728 3963 1801 4019 erat.
1855 3951 2032 4037 Superliciei
2063 3963 2202 4016 externae

605 4066 761 4148 annusque
782 4067 946 4146 fragmenti,
969 4085 1066 4150 neqrm
1087 4072 1187 4134 minus
1209 4075 1338 4154 assulae,
1362 4093 1442 4137 nova
1464 4075 1639 4139 substantia·
1653 4073 1741 4140 ossea
1763 4073 1984 4153 inducta-'erati
2006 4099 2083 4162 qnae
2105 4077 2202 4159 spatio

605 4189 658 4250 lin.
681 4187 791 4252 b-b'
814 4208 833 4251 a
854 4192 988 4272 margine
1010 4193 1161 4255 fracturae
1182 4202 1263 4258 arcte
1285 4199 1347 4260 ossi
1377 4199 1571 4276 adhaerebat,
1604 4198 1731 4262 ulterius
1760 4221 1836 4267 vero
1857 4220 1963 4266 vereris
1986 4203 2102 4284 apicem
2123 4204 2202 4282 frag·

606 4311 698 4372 menti
720 4312 882 4377 decurrens
904 4316 942 4376 ab
964 4333 1041 4394 osso,
1059 4317 1435 4398 'periosteuna‘absclssnm
1457 4324 1630 4406 sequendo,
1659 4324 1787 4387 distabat
1807 4327 1944 4408 iinesqnc
1964 4326 2130 4402 iracuarae,
2152 4345 2203 4398 pa·

606 4434 661 4497 luti
684 4435 713 4495 ln
736 4434 860 4496 boribus
883 4438 999 4499 corolla
1019 4441 1177 4520 pistillum,
1199 4435 1453 4524 'amplectebatun
1504 4449 1580 4510 Pars
1609 4447 1699 4526 bajus
1722 4449 1907 4514 substantiae
1928 4469 1980 4528 ea,
2013 4469 2107 4533 quiae,
2122 4459 2202 4512 arrae

606 4559 668 4622 ossi
692 4556 878 4633 adhaerebat,
900 4575 991 4621 ossea
1009 4562 1073 4640 jam
1083 4573 1157 4642 erat,
1179 4561 1303 4650 reliqua,
1327 4585 1404 4652 quae
1415 4570 1550 4646 distabat,
1573 4567 1773 4652 cartilaginea.
1819 4571 2081 4656 blinorquabdun
2094 4571 2201 4648 amula.

605 4698 683 4764 quae
705 4683 736 4744 in
760 4681 909 4744 candore
930 4679 1024 4744 latere
1041 4687 1177 4765 jacebat,
1209 4689 1310 4754 itidem
1328 4710 1449 4756 *nocam
1478 4691 1673 4756 substantiam
1700 4711 1821 4760 osseam
1839 4705 2009 4778 ¹genuerat·
2041 4698 2115 4760 llas
2137 4717 2201 4760 om-

604 4815 659 4868 nes
681 4811 783 4886 partes
805 4817 911 4872 osseae
934 4803 1146 4874 recensentes
1167 4813 1302 4879 madum
1324 4817 1401 4880 irater
1422 4817 1701 4898 secontingebant
1730 4817 1836 4882 -buue
1858 4821 2007 4882 biternum
2025 4819 2120 4900 liujus
2133 4819 2202 4884 calli

604 4946 689 5006 cavo,
711 4928 749 4991 de
771 4942 833 5012 quo
849 4948 948 5010 supra
970 4931 1047 5011 disci,
1069 4932 1238 5014 obversum,
1260 4941 1304 5003 ati
1319 4937 1421 5004 fabum
1445 4941 1503 5004 boc
1525 4960 1648 5019 aarum,
1671 4939 1833 5014 obductam
1857 4949 2036 5015 arat=strato
2052 4945 2201 5008 materiae
