4812 5892
1361 551 1441 626 268

765 758 916 822 lamellae
949 760 1078 836 ossium,
1111 759 1137 823 si
1159 760 1349 822 subtilissime
1384 769 1451 824 cote
1483 760 1639 837 limantur,
1667 761 1708 823 ita
1741 760 1908 842 pellucidae
1937 761 2028 837 liunt,
2064 767 2098 822 ut
2130 760 2199 824 lite-

607 903 658 947 rae
693 884 831 947 minimae
852 885 883 945 iu
906 885 1007 946 charta
1028 885 1190 966 impressae
1212 903 1267 966 per
1288 885 1407 947 easdem
1429 885 1489 964 legi
1510 886 1634 966 possint.
1678 884 1768 948 'iales
1790 884 1925 948 lamellas
1954 885 1980 948 si
2003 885 2196 948 observamus

607 1009 638 1071 iu
662 1009 792 1071 obscuro
815 1007 964 1070 substrato
985 1009 1041 1071 sub
1063 1008 1151 1084 lente,
1174 1016 1235 1070 tum
1259 1008 1466 1088 cognoscimus
1489 1015 1581 1070 totam
1604 1009 1717 1072 ossium
1746 1008 1938 1071 albitudiuem
1967 1029 1986 1070 a
2008 1007 2196 1090 corpusculis

607 1133 720 1194 ossium
743 1151 863 1194 causam
885 1138 994 1213 petere,
1017 1131 1210 1195 substantiam
1232 1131 1433 1193 intermediam
1457 1151 1562 1195 eorum
1585 1139 1683 1194 autem
1705 1131 1794 1214 plane
1812 1132 1992 1214 pellucidam
2007 1151 2081 1194 esse.
2126 1131 2198 1194 Ma·

604 1257 682 1334 joris
705 1255 942 1336 amplificationis
966 1275 1025 1337 ope
1045 1255 1114 1331 vidi,
1138 1255 1318 1336 corpuscula
1329 1255 1442 1317 ossium
1454 1258 1571 1319 tonnae
1586 1255 1694 1337 ovaliS,
1717 1275 1787 1318 raro
1811 1255 2014 1337 irregulariter
2035 1255 2197 1337 angrdaris,

607 1380 772 1442 secundum
805 1379 997 1442 directionem
1030 1386 1190 1442 stratorum
1224 1378 1483 1459 cartilaginecrum
1517 1400 1636 1460 semper
1668 1381 1731 1442 lere
1760 1377 1931 1460 deplumata,
1969 1400 1987 1442 a
2014 1381 2077 1443 suis
2098 1380 2197 1461 parie-

607 1504 693 1580 tibus,
714 1504 889 1565 nominatim
911 1523 930 1564 a
951 1504 1014 1566 suis
1035 1502 1177 1565 lateribus
1199 1503 1306 1584 planis,
1327 1503 1421 1583 multa
1441 1523 1514 1566 vasa
1535 1504 1624 1567 valde
1646 1503 1766 1566 subtilia
1787 1504 1935 1581 emittere,
1962 1523 2039 1588 quae
2060 1503 2196 1567 lamellas

607 1628 775 1709 pellucidae
797 1627 977 1690 substantiae
999 1627 1190 1690 intermediae
1211 1633 1365 1708 permeant
1387 1633 1416 1690 et
1448 1647 1517 1690 cum
1545 1627 1651 1691 ceteris
1678 1627 1867 1709 corpusculis
1892 1628 1962 1690 hinc
1990 1627 2061 1690 inde
2089 1628 2197 1690 retium

608 1752 700 1815 modo
730 1772 762 1815 se
771 1754 911 1832 jungunt.
944 1751 1110 1814 canaliculi
1132 1750 1381 1832 corpusculorum
1396 1751 1510 1814 ossium
1531 1752 1661 1832 gandent
1683 1751 1828 1815 diametro
1840 1749 2123 1831 0,00⁰2-0,0003
2140 1750 2196 1814 lin.

607 1876 696 1956 hugi.
742 1875 871 1938 Subtiles
883 1876 995 1939 ossium
1005 1874 1144 1938 lamellae
1154 1876 1180 1936 si
1190 1874 1258 1936 luce
1271 1874 1469 1937 transluceute
1481 1875 1686 1953 observantur,
1708 1876 1821 1938 ossium
1840 1875 2021 1956 corpuscula
2032 1893 2195 1959 eorumque

608 1999 727 2063 canales
739 1999 843 2062 colore
859 2000 989 2062 obscuro
1002 2007 1155 2080 apparent,
1177 1999 1340 2061 substantia
1355 1999 1529 2062 intermedia
1543 2007 1639 2062 autem
1652 1998 2197 2082 pellucidaclara(l'ab.1V.fig.l.);

609 2124 721 2206 quaesi
733 2123 965 2204 superobscuro
977 2124 1079 2199 tundo,
1101 2123 1170 2184 lnce
1180 2124 1299 2198 reflexa,
1321 2123 1417 2185 oculis
1430 2135 1602 2204 cernuntur,
1625 2124 1806 2205 corpuscula
1818 2131 1848 2186 et
1859 2143 1964 2186 eorum
1975 2122 2095 2186 canales
2105 2101 2197 2204 plane

608 2246 667 2308 albi
691 2254 843 2327 apparent,
865 2247 1039 2327 praesertim
1061 2267 1153 2328 quum
1174 2247 1206 2307 iu
1228 2253 1306 2309 statu
1328 2246 1409 2309 sicco
1433 2246 1649 2330 disquiruntur;
1677 2247 1841 2310 substantia
1867 2247 2042 2309 intermedia
2062 2266 2143 2309 nunc
2164 2246 2197 2308 in

608 2370 757 2433 substrato
781 2371 909 2432 obscuro
922 2371 1050 2432 obscura
1062 2377 1192 2450 apparet.
1207 2370 1354 2445 (TablV.
1366 2371 1416 2450 lig.
1427 2369 1484 2447 2.).
1519 2371 1614 2434 Color
1625 2371 1744 2432 illarum
1757 2373 1921 2434 formarum
1935 2371 2020 2435 albus
2037 2391 2055 2432 a
2070 2369 2196 2453 pulvere

608 2495 799 2571 adhaerente,
822 2494 873 2576 qui
895 2501 962 2556 cote
984 2494 1127 2575 poliendo
1152 2494 1318 2570 oriebatur,
1341 2515 1461 2557 causam
1483 2513 1545 2557 non
1567 2496 1715 2574 agnoscit,
1737 2496 1861 2557 eandem
1887 2496 1964 2557 enim
1986 2495 2143 2577 imaginem
2165 2495 2199 2557 iu

607 2618 806 2681 subtilissimis
827 2635 890 2679 non
913 2616 1014 2698 politis
1038 2616 1151 2680 ossium
1171 2617 1298 2679 lamellis
1320 2617 1419 2694 vides,
1451 2617 1543 2679 veluti
1566 2639 1592 2682 e.
1617 2641 1642 2682 c.
1672 2639 1710 2681 ex
1738 2639 1808 2682 osse
1837 2619 2015 2683 cribriicrmi
2040 2619 2196 2683 variorum

607 2743 806 2805 animantium.
850 2741 967 2822 Pingue
987 2741 1152 2822 quoddam,
1185 2740 1267 2823 quod
1296 2741 1326 2803 in
1347 2741 1445 2802 media
1467 2749 1666 2822 temperatura
1687 2744 1880 2808 consistentia
1907 2744 2050 2836 spissiore
2077 2743 2196 2824 gaudet,

608 2867 708 2929 album
730 2868 843 2929 huncce
872 2871 1024 2946 aspectum
1054 2871 1083 2927 et
1109 2865 1380 2947 impelluciditatem
1406 2867 1603 2946 progenuisse
1632 2869 1743 2949 nequit.
1787 2868 1933 2950 Equidem
1955 2867 2101 2930 subtiliter
2127 2871 2197 2930 cote

606 2992 716 3072 politas
739 2991 852 3054 ossium
873 2989 1008 3052 lamellas
1030 2989 1087 3050 sub
1108 2989 1307 3071 micrcscopio
1330 3009 1425 3072 usque
1448 2989 1485 3050 ad
1507 2989 1571 3052 600
1594 2991 1632 3054 R.
1656 2990 1794 3068 calefeci3
1817 2992 1905 3054 color
1926 2992 2011 3054 albus
2029 3011 2195 3073 corpuscu-

599 3115 707 3176 lorum
730 3123 759 3174 et
781 3114 1015 3175 canaliculorum
1038 3112 1156 3174 minime
1186 3113 1344 3192 disparuit3
1380 3112 1508 3176 lamellis
1538 3115 1633 3176 osseis
1663 3116 1780 3177 aethere
1807 3114 1949 3178 bulliente
1978 3124 2029 3178 aut
2056 3115 2196 3178 alcohole

608 3238 739 3300 tractatis
759 3237 830 3299 illae
853 3237 938 3299 albae
959 3239 1073 3300 formae
1096 3255 1157 3297 non
1179 3244 1338 3299 mutantur.
1382 3238 1416 3298 ln
1439 3237 1558 3300 ossibus
1580 3239 1720 3301 morbose
1742 3239 1867 3300 malacia
1894 3240 2085 3316 mollefactis,
2117 3257 2196 3322 quae

585 3360 737 3426 calcaria
760 3360 897 3423 destinata
920 3367 1010 3436 erant,
1033 3361 1120 3422 color
1141 3360 1226 3422 albus
1248 3368 1277 3421 et
1299 3361 1527 3440 impelluciditas
1550 3363 1798 3442 corpusculorum
1826 3383 1990 3446 eorumque
2012 3363 2196 3426 canaliculo—

608 3503 675 3547 rum
698 3485 818 3546 euanuit
839 3491 869 3545 et
889 3484 955 3545 hice
977 3483 1066 3545 oculo
1089 3502 1150 3545 non
1174 3475 1355 3563 ampliasse
1383 3485 1566 3547 obtulerunt.
1618 3488 1807 3568 Corpuscula
1830 3488 1926 3549 adhuc
1955 3496 2114 3569 apparent,
2143 3506 2195 3549 ca-

608 3629 668 3691 que
689 3607 779 3700 plane
801 3607 959 3688 pellucida,
980 3607 1072 3669 veluti
1095 3607 1209 3690 reliqua
1232 3607 1383 3687 cartilago.
1429 3610 1463 3670 ln
1487 3609 1604 3671 ossibus
1627 3609 1779 3673 fossilibus
1801 3612 1890 3694 inque
1902 3611 1947 3688 iis,
1970 3632 1987 3674 c
2008 3613 2195 3695 quibuscar-

606 3733 701 3812 tilagc
723 3732 773 3793 diu
796 3731 954 3813 coquendo
976 3751 1044 3792 cum
1067 3731 1135 3793 Kali
1156 3732 1373 3794 subcarbouico
1397 3740 1528 3794 extracta
1549 3741 1620 3810 erat,
1642 3735 1822 3816 corpuscula
1844 3756 2007 3818 ecmmque
2037 3735 2195 3800 canaliculi

607 3858 705 3918 adhuc
726 3859 846 3918 restant.
893 3859 971 3917 Ossa
992 3855 1106 3918 lossilia
1128 3864 1157 3919 et
1179 3875 1249 3919 ossa
1271 3875 1331 3917 uua
1353 3877 1420 3918 cum
1445 3857 1513 3918 Kali
1535 3837 1812 3938 carbcuico⁸cccta
1835 3861 1866 3922 iu
1888 3861 1990 3942 spatiis
2012 3861 2194 3924 intermediis

608 3980 857 4060 corpusculorum
880 3997 1035 4042 cssecmm
1063 3999 1126 4041 nou
1155 3981 1280 4060 amplius
1311 3981 1508 4058 translucent,
1541 3983 1669 4064 ideoque
1702 3991 1731 4045 et
1757 3985 1865 4046 horum
1899 3993 1929 4046 et
1960 3985 2195 4049 canaliculornm

608 4107 730 4185 figurae,
751 4103 802 4166 ubi
825 4123 860 4164 ac
882 4102 1019 4180 lanriuae,
1043 4111 1110 4164 cote
1131 4096 1251 4183 politae,
1273 4105 1456 4167 madefactae
1470 4097 1554 4183 burn,
1577 4109 1704 4169 tandem
1718 4108 1933 4187 dignoscuntur
1950 4111 1997 4173 vel
2020 4130 2059 4173 eo
2082 4111 2192 4173 clarirm

607 4209 732 4292 simum
753 4227 880 4289 laminae
902 4226 1084 4288 madefactae
1114 4227 1257 4290 desiccari
1287 4229 1441 4309 incipiunt.
1502 4231 1642 4293 Laminas
1669 4239 1737 4294 cote
1766 4231 1912 4294 subtiliter
1939 4205 2055 4316 politae!
2081 4238 2193 4300 ossium

606 4353 770 4416 recentium
792 4351 827 4426 (i.
850 4371 876 4411 e.
898 4370 995 4432 neque
1017 4351 1163 4414 icssilinm
1185 4371 1282 4434 neque
1303 4359 1424 4432 potesse
1447 4360 1624 4429 tractorum)
1658 4354 1683 4415 si
1710 4354 1766 4416 sub
1795 4355 1995 4440 microscopio
2023 4382 2078 4442 per
2106 4363 2192 4424 acida

606 4486 765 4553 tentantur,
788 4477 828 4538 ita
849 4484 883 4538 ut
905 4477 1033 4539 calcaria
1054 4477 1193 4540 vesiculis
1218 4476 1314 4539 aereis
1336 4477 1554 4541 discedentibus
1577 4478 1762 4556 extrahatur,
1786 4488 1848 4542 tum
1870 4484 2034 4548 substantia
2055 4487 2192 4550 interme-

607 4604 656 4664 dia
678 4603 755 4665 inter
777 4602 958 4682 corpuscula
979 4601 1160 4682 pellucidum
1182 4601 1288 4663 retinet
1309 4602 1443 4664 colorem
1451 4605 1465 4680 ‚'
1491 4602 1544 4663 sed
1567 4602 1747 4684 corpuscula
1775 4623 1939 4690 eorumque
1961 4607 2118 4674 canaliculi
2140 4631 2193 4676 co·

605 4727 702 4790 lorem
724 4727 823 4789 album
847 4727 989 4804 amittamt,
1011 4733 1041 4787 et
1062 4725 1244 4787 translucent
1266 4745 1360 4807 aeque
1383 4746 1418 4786 ac
1441 4725 1599 4806 cartilago,
1626 4747 1707 4790 nunc
1729 4726 1858 4792 calcaria
1881 4730 2031 4814 destituta,
2053 4737 2189 4801 subman-

604 4851 663 4914 tiae
685 4851 883 4915 intermediae.
928 4857 1014 4934 Quae
1035 4849 1164 4912 laminae
1185 4850 1227 4911 ita
1249 4855 1391 4911 tractaue
1411 4849 1438 4911 si
1459 4861 1566 4931 postea
1586 4851 1743 4931 siccantur,
1765 4858 1945 4936 corpuscula
1967 4879 2190 4946 eorumqueca·
