4856 5896
1324 2357 1409 2418 CAP.
1430 2353 1480 2418 111.

881 2500 1086 2577 osstvnr
1113 2497 1450 2576 suenorum
1475 2495 1918 2572 irremuneratos.

603 2647 792 2794 Enposito,
837 2713 990 2806 quomodo
1032 2713 1091 2776 tole
1125 2710 1237 2772 ossium
1273 2727 1291 2770 e
1330 2707 1552 2790 cartilaginibus
1590 2679 1752 2785 tenuetur,
1786 2723 1923 2790 quaeque
1957 2706 2053 2790 prima
2096 2725 2201 2771 eorum

605 2836 702 2898 lormn
724 2833 821 2896 oculis
843 2835 1003 2914 obseratur,
1027 2831 1238 2901 transeundum
1261 2839 1307 2893 est
1329 2830 1368 2893 ad
1389 2831 1611 2913 inquisitionem
1633 2831 1746 2894 ossium
1769 2849 1883 2906 eorum,
1900 2847 2036 2916 quorum
2051 2832 2117 2909 jam
2128 2849 2201 2894 cou-

605 2965 751 3020 summate
774 2967 820 3019 est
841 2960 1047 3021 conlomrutie.
1094 2959 1162 3036 Qua
1185 2954 1223 3015 de
1246 2973 1287 3030 re,
1310 2973 1490 3038 quemquam
1513 2963 1618 3018 estex
1640 2955 1684 3030 iis,
1707 2973 1785 3040 quae
1807 2952 1981 3036 saepissime
1998 2959 2034 3016 et
2044 2954 2200 3038 inquisitae

605 3091 636 3146 ct
658 3083 824 3164 descriptae
844 3091 929 3158 sunt,
958 3080 1051 3147 nihilo
1072 3087 1170 3140 tarsen
1192 3078 1291 3140 minus
1313 3078 1478 3140 sententiae
1500 3079 1578 3140 inter
1598 3097 1632 3142 se
1654 3097 1743 3160 quom
1765 3078 1893 3140 maxime
1925 3043 2127 3160 discrepantes
2149 3097 2200 3152 va-

605 3207 725 3268 luerunt
748 3213 778 3268 et
799 3205 895 3268 adbuc
917 3203 1029 3270 velcon
1053 3201 1082 3260 id
1105 3200 1187 3282 quod
1208 3209 1272 3262 nrm
1295 3203 1324 3262 in
1348 3199 1466 3264 diverse
1488 3209 1583 3263 aetate
1606 3203 1720 3266 ossium
1743 3199 2062 3288 undeuicesimum
2085 3203 2116 3264 in
2136 3203 2201 3284 ipsa

606 3329 772 3412 inquirendi
795 3329 912 3390 ratione
932 3324 1053 3386 videtur
1074 3325 1205 3406 positum
1228 3343 1306 3387 esso.

766 3447 959 3550 Malpigbi
983 3447 1046 3530 (l),
1069 3446 1282 3510 celeberrimus
1305 3448 1356 3510 ille
1379 3449 1548 3512 anatomiae
1571 3446 1742 3532 plantarum
1765 3457 1879 3526 auctor,
1902 3449 2036 3526 candem,
2058 3470 2149 3534 quem
2171 3452 2202 3516 iu

605 3575 683 3637 libro
707 3577 864 3644 arborum,
887 3569 919 3630 iu
941 3569 1060 3632 ossibus
1083 3589 1219 3652 quoque,
1248 3589 1376 3653 quonum
1398 3571 1543 3652 imprimis
1564 3572 1596 3634 in
1618 3573 1701 3636 foetu
1723 3572 1930 3654 quaestionem
1952 3572 2090 3652 instituit,
2118 3575 2201 3638 inve·

605 3699 685 3760 nisse
708 3696 764 3760 sibi
785 3691 944 3754 videbatur
964 3700 1159 3764 sinueturamr
1183 3693 1223 3755 ita
1245 3712 1316 3756 ossa
1338 3695 1506 3777 composito
1527 3713 1594 3758 ease
1616 3693 1688 3756 dicit
1710 3713 1727 3756 e
1750 3693 1918 3770 filameutis,
1941 3694 2134 3760 multifariam
2156 3699 2201 3762 in-

605 3829 651 3883 ter
673 3841 706 3883 se
728 3816 914 3894 eonjnnetis,
945 3824 980 3878 ut
1002 3823 1064 3880 rete
1094 3815 1296 3894 conforment,
1329 3819 1417 3898 eujus
1443 3818 1697 3906 pertenentem
1726 3823 1848 3900 totaque
1875 3817 2019 3885 munta
2042 3839 2202 3902 compages

606 3943 752 4006 exsudato
774 3957 867 4000 succo
890 3957 981 4000 osseo
1004 3938 1179 4018 repleantur
1201 3947 1231 4001 et
1252 3948 1397 4014 tumeante
1426 3939 1501 4003 baec
1531 3937 1684 4004 lilameutu
1704 3941 1737 4004 ln
1759 3941 1879 4004 casibus
1900 3939 2049 4006 undosis
2072 3943 2202 4024 longitu-

606 4069 675 4129 dine
692 4079 880 4145 procurrere,
897 4061 928 4122 in
945 4061 1063 4124 ossibus
1080 4063 1173 4124 ersuii
1193 4063 1331 4126 radiatim
1349 4083 1368 4126 e
1387 4069 1490 4126 centro
1509 4062 1548 4124 ad
1567 4063 1765 4144 peripberiam
1785 4063 1926 4145 dispergi,
1953 4053 2085 4130 ctsffuso
2109 4085 2202 4130 succo

606 4204 696 4252 osseo
719 4185 750 4246 in
773 4183 902 4246 solidam
924 4184 1106 4269 densamque
1127 4195 1264 4250 usturam
1286 4185 1488 4258 lerrunrinari;
1510 4183 1647 4248 lamellas
1668 4205 1798 4268 quoque,
1819 4185 1928 4268 quibus
1951 4185 2046 4249 cellae
2064 4187 2203 4252 substan·

605 4310 665 4370 tiae
687 4305 869 4388 aponginsae
891 4307 1094 4382 conficientur,
1124 4308 1177 4370 tali
1200 4319 1264 4371 rete
1292 4307 1477 4391 maculisque
1499 4328 1592 4372 succo
1623 4327 1714 4372 osseo
1744 4307 1868 4390 repletis
1897 4310 2037 4384 conlisum
2065 4330 2201 4392 magnam

606 4431 734 4512 durique
756 4429 973 4493 ilementorum
995 4441 1111 4512 partem
1133 4451 1151 4494 e
1181 4431 1350 4494 teudiuibus
1377 4429 1403 4493 ai
1425 4447 1487 4494 non
1515 4439 1615 4494 ermen
1642 4430 1775 4506 trahem,
1804 4429 1910 4494 saltem
1933 4451 2001 4496 cum
2030 4433 2066 4497 ils
2093 4437 2202 4500 cobse-

605 4573 673 4614 rere
695 4549 762 4637 (2).
807 4547 833 4614 ll
855 4553 1070 4618 recentioribus
1092 4553 1233 4616 Bicbat
1255 4549 1313 4635 (3)
1335 4553 1404 4614 bulo
1426 4553 1583 4616 doctrinae
1604 4553 1698 4626 iavet,
1726 4551 1868 4638 librisque
1890 4555 2111 4622 discedentibus
2140 4561 2199 4622 cel-

765 4763 806 4828 (1)
825 4765 987 4816 lllrreelli
1004 4763 1191 4828 blalplgbii
1210 4773 1328 4814 anatem
1347 4765 1505 4829 plantatim.
1543 4765 1628 4817 tenu.
1648 4763 1726 4816 1615.
1747 4783 1771 4828 p.
1792 4765 1812 4814 l.
1833 4783 1858 4828 p.
1881 4769 1919 4818 itt.

763 4849 805 4914 (2)
824 4851 950 4916 Ejusdem
968 4867 1047 4914 opera
1065 4851 1211 4913 posthunc.
1247 4851 1332 4902 Leni.
1354 4849 1432 4902 lm.
1453 4868 1479 4915 p.
1499 4851 1534 4902 ll
1553 4862 1579 4902 ct
1597 4852 1639 4904 tu.

764 4939 805 5006 (8)
825 4941 964 5000 Nubat,
983 4939 1002 4990 l.
1021 4953 1045 4989 e.
1067 4937 1102 4987 11.
1122 4953 1146 5000 p.
1168 4935 1227 4990 13³.
