4856 5896
226 2169 331 2291 Ossa
360 2232 506 2296 nannete·
529 2253 563 2295 ac
595 2233 701 2297 duritie
731 2230 786 2298 'sna
814 2238 941 2298 formam
971 2235 1108 2317 corporis
1138 2236 1332 2296 animantium
1354 2236 1549 2308 constituunt,
1580 2242 1609 2294 et
1638 2241 1700 2294 tum
1723 2243 1822 2313 partes

226 2351 332 2415 molles
356 2354 492 2433 fulciunt,
514 2365 577 2419 traua
600 2359 735 2438 ipsorum
757 2360 834 2420 inter
855 2379 889 2420 se
912 2358 1125 2438 conjunctione
1147 2357 1289 2420 cavitates
1312 2358 1511 2432 conformant,
1533 2357 1565 2418 in
1588 2356 1696 2438 quibus
1709 2376 1823 2437 organa

226 2477 400 2551 gravissima
421 2479 514 2542 iatent
536 2489 626 2563 etque
648 2501 666 2542 a
687 2481 801 2544 viribus
825 2482 955 2545 externis
978 2479 1186 2557 deienduutur,
1208 2487 1272 2542 tum
1295 2478 1423 2562 deniqne
1445 2477 1530 2562 qnasi
1550 2479 1680 2542 vectium
1691 2482 1824 2543 efficiunt

226 2605 363 2678 systema,
380 2621 516 2685 'quorum
539 2623 598 2684 ope
620 2613 720 2668 motus
742 2601 905 2668 voluntarii
928 2623 1017 2687 qnam
1039 2605 1167 2666 maxime
1190 2604 1264 2665 varii
1289 2605 1372 2664 fiunt
1418 2603 1534 2685 Quibus
1557 2587 1696 2667 omnibus
1719 2625 1823 2668 mnne-

225 2721 307 2786 ribus
330 2726 519 2803 perficiendis
541 2735 576 2788 nt
597 2727 706 2789 idonea
728 2727 795 2804 sint,
818 2727 980 2795 admodum
1002 2727 1079 2789 inter
1101 2745 1134 2788 se
1157 2747 1264 2788 eorum
1286 2727 1413 2790 sormam
1435 2725 1555 2790 differre
1568 2735 1703 2809 oportet;
1727 2731 1823 2807 cujus,

224 2846 389 2923 generatim
411 2853 577 2928 spectatae,
605 2847 714 2929 triplex
738 2856 783 2910 est
804 2851 890 2911 ratio.
935 2849 1009 2912 Pars
1032 2850 1111 2912 enim
1133 2849 1271 2928 exiguam
1293 2847 1382 2910 babet
1403 2851 1585 2925 crassitiem,
1615 2871 1651 2912 ac
1673 2849 1769 2913 multo
1793 2861 1822 2912 et

225 2967 411 3048 longitudine
433 2979 463 3033 et
484 2969 641 3033 latitudine
664 2973 828 3046 minorem3
858 2989 934 3058 qnae
956 2971 1078 3053 plana
1100 2979 1248 3034 vocantur
1270 2991 1348 3046 ossa,
1378 2971 1596 3054 maximamque
1617 2981 1734 3052 partem
1757 2993 1822 3034 cra-

225 3092 274 3166 nii,
296 3092 383 3155 faciei
405 3105 436 3156 et
455 3095 554 3175 pelvis
576 3095 772 3167 constitunub
803 3095 932 3156 aliorum
960 3098 1022 3157 tere
1044 3094 1123 3157 idem
1145 3093 1278 3178 undique
1300 3105 1346 3158 est
1368 3077 1510 3172 ambitus,
1539 3101 1573 3156 nt
1601 3085 1715 3156 ossium
1737 3096 1823 3156 bre-

226 3215 323 3278 vium
345 3217 408 3278 sive
432 3219 746 3294 cuneiiormium,
769 3219 896 3301 adquae
908 3217 1052 3298 imprimis
1064 3219 1228 3296 vertebrae,
1250 3237 1380 3304 ossaque
1392 3219 1475 3300 carpi
1498 3217 1562 3281 sive
1572 3219 1645 3280 tarsi
1668 3219 1824 3280 referenda

226 3345 308 3410 sunt:
339 3339 467 3403 eliorum
497 3341 625 3424 deniqne
647 3339 804 3420 longitudo
826 3339 918 3420 louge
940 3341 1095 3422 praevalet
1116 3362 1189 3426 prae
1217 3343 1352 3404 crassitie
1381 3363 1417 3404 ac
1446 3341 1618 3419 ludurdine,
1647 3349 1681 3404 ut
1710 3342 1824 3404 ossium

226 3461 501 3528 tubulosorum
530 3466 754 3527 extremitatum.
812 3461 878 3525 Nec
906 3463 1005 3526 miurus
1033 3465 1147 3527 variam
1175 3465 1290 3528 ossium
1319 3466 1395 3527 iuter
1423 3485 1456 3528 se
1485 3465 1729 3546 conjunctionem
1758 3483 1823 3528 esse

226 3586 393 3664 oportebat
439 3589 501 3650 Aut
521 3587 601 3650 enim
624 3587 752 3650 invicem
773 3589 836 3649 tere
859 3603 926 3650 sese
948 3595 1080 3668 tangunt,
1102 3595 1136 3650 ut
1157 3588 1208 3650 vix
1230 3585 1393 3672 quidquam
1415 3587 1559 3652 interesse
1587 3589 1738 3665 videatur,
1767 3609 1823 3651 nee

227 3705 306 3768 ruilus
327 3709 393 3771 fieri
415 3711 512 3792 possit
532 3711 646 3787 motnsss
670 3717 722 3774 aut
742 3708 907 3774 substantia
929 3709 1084 3772 intercedit
1106 3711 1329 3790 cartilaginosa,
1358 3711 1407 3774 vel
1430 3709 1730 3791 fibrocartilaginosa,
1761 3733 1822 3792 qno

225 3830 320 3910 magis
336 3833 477 3897 minusve
498 3833 621 3897 mobilia
642 3835 733 3907 fiunt;
764 3840 816 3895 ant
845 3823 973 3913 denique
1001 3851 1128 3912 prorsus
1150 3841 1289 3912 separata
1310 3841 1393 3907 sunt,
1422 3853 1479 3894 uec
1499 3834 1557 3893 uisi
1579 3841 1723 3914 apparatu
1747 3853 1822 3912 qno·

226 3951 295 4014 dam
316 3955 475 4021 teudiuoso
490 3958 689 4034 continentur,
712 3953 1121 4038 faciesquecariilugine
1143 3953 1361 4030 articulari,
1383 3953 1548 4017 substantia
1570 3953 1668 4030 firma,
1692 3953 1823 4030 clastica,

226 4076 331 4156 rritida,
359 4079 448 4144 lactei
470 4081 597 4159 coloris,
626 4079 794 4156 obductas,
823 4071 977 4160 turmaque
1008 4097 1152 4160 perquam
1181 4077 1280 4140 varias
1310 4075 1366 4140 sibi
1396 4075 1523 4142 invicem
1552 4077 1725 4153 obvertunt,
1761 4097 1822 4160 qno

228 4200 275 4277 fit,
303 4210 339 4264 ut
358 4211 474 4268 motum
496 4223 587 4288 quum
607 4204 737 4265 maxime
760 4198 887 4264 liberum
909 4201 1073 4262 admittant

308 4309 313 4365 Ῐ
348 4351 351 4358 ·
386 4329 510 4390 Ossium
529 4327 704 4408 superficies
728 4333 851 4388 externa
873 4323 1032 4387 obducitur
1054 4323 1227 4386 membrana
1254 4323 1383 4406 quadam
1406 4323 1535 4398 fibrosa,
1567 4323 1660 4402 uragis
1688 4323 1823 4385 minusve

228 4466 336 4524 crassa,
359 4470 436 4530 quae
457 4451 651 4532 periostei
672 4451 793 4514 nomine
817 4455 1013 4526 rrunoupatur,
1036 4453 1066 4507 et
1087 4465 1125 4508 eo
1148 4446 1228 4523 loco,
1250 4465 1312 4528 qno
1334 4445 1468 4508 cranium
1485 4443 1619 4521 obvelat,
1641 4445 1822 4525 periera-

227 4570 332 4631 uium
354 4579 384 4633 et
406 4571 503 4634 dura
523 4579 643 4636 mater
665 4571 841 4654 appellatur.
871 4558 968 4632 'Haec
990 4569 1163 4631 membrana
1185 4587 1256 4630 ossa
1278 4587 1321 4646 ea,
1344 4589 1436 4652 quae,
1459 4567 1524 4632 sive
1547 4569 1712 4630 substantia
1733 4569 1824 4630 iuter-

228 4693 326 4754 medii
348 4693 519 4768 iruercedat,
542 4695 605 4756 sive
626 4695 732 4771 minus,
756 4696 865 4756 arctius
889 4695 965 4754 inter
986 4691 1211 4768 se'colraereut,
1235 4710 1326 4754 cursu
1348 4693 1590 4771 noniuterrupto
1602 4691 1823 4772 transgreditur,

228 4817 284 4879 nisi
307 4817 389 4898 qu'od
411 4816 447 4878 iis
470 4815 561 4894 locis,
591 4817 697 4898 quibus
726 4817 779 4880 iila
797 4822 972 4898 junguntur,
996 4813 1106 4877 arctius
1130 4815 1328 4887 adhaerescit;
1358 4816 1389 4877 in
1411 4813 1470 4877 illis
1493 4833 1567 4878 vero
1587 4811 1723 4891 ossibus,
1746 4832 1822 4895 qnae

229 4940 360 5002 articulis
383 4940 526 5019 gaudent,
556 4959 652 5020 usqne
676 4921 839 5001 adfaciem
863 4937 1034 5021 cartilagine
1058 4937 1219 5000 obductam
1241 4937 1405 5019 procurrit,
1435 4945 1465 5000 et
1494 4939 1525 5000 iu
1553 4944 1727 5018 apparatum
1748 4933 1822 5014 liga-
