4784 5894
849 621 854 628 -
971 569 1047 644 tet

203 779 311 840 mentis
331 779 556 842 domortstravit.
609 779 713 842 Nem-0
736 779 899 843 isolriadieo
922 791 951 840 et
975 779 1086 842 crurali
1108 782 1140 840 in
1161 779 1283 842 sinistro
1306 799 1395 842 crure
1417 781 1548 844 cuniculi
1571 793 1707 863 perseoto
1731 787 1808 866 ‹tigi-

203 903 413 984 tempsanum
436 902 593 986 utriusque
604 902 690 984 pedis
702 903 881 984 posterioris
903 903 992 984 tregit
1005 911 1034 966 et
1056 903 1270 985 praeterlapsis
1292 904 1398 966 ‹tiebm
1420 905 1541 984 triginta
1563 907 1734 970 anniculum
1754 927 1808 972 ne-

204 1028 295 1098 corin
315 1027 360 1092 in
391 1027 470 1107 pede
493 1026 600 1090 dextro
639 1027 770 1090 tractura
804 1023 885 1090 callo
920 1027 1009 1090 tirmo
1043 1028 1175 1104 reonita,
1213 1029 1244 1090 in
1264 1028 1390 1090 suanno
1412 1047 1487 1091 vero
1508 1031 1617 1092 reunia
1639 1049 1701 1093 non
1730 1034 1808 1094 tacta

202 1157 283 1226 erat,
319 1151 374 1212 sed
407 1151 481 1214 fieres
513 1151 628 1216 ossium
658 1151 783 1216 materia
821 1157 935 1214 tantum
964 1150 1133 1230 gelotinosa
1165 1151 1333 1214 rubicunda
1364 1153 1416 1214 vix
1451 1153 1649 1233 conglutinati
1680 1174 1806 1236 appare-

200 1274 273 1338 bant
295 1273 523 1357 paullulumqua
545 1273 707 1348 rubebant;
730 1274 837 1338 eodem
860 1273 890 1336 in
913 1274 985 1337 loeo
1014 1275 1152 1338 teutliues
1171 1275 1378 1338 musculorum
1402 1275 1491 1338 simili
1514 1279 1640 1340 materia
1663 1298 1731 1340 cnm
1756 1299 1805 1342 os·

200 1399 283 1459 sibus
307 1399 400 1477 arogis
424 1398 646 1478 conglutinatae
668 1413 759 1481 quam
781 1405 941 1462 concretae
964 1407 1058 1463 erant.
1104 1399 1185 1462 ldem
1207 1401 1239 1462 in
1263 1399 1324 1462 alio
1347 1379 1496 1463 cuniculo
1511 1419 1638 1463 nervum
1666 1401 1804 1464 iscbimi-

201 1541 269 1584 eum
292 1522 403 1586 sinistri
426 1521 528 1586 lateris
550 1522 717 1604 perseeuitr
753 1529 824 1586 octo
854 1531 925 1602 post
952 1522 1058 1586 diebus
1087 1523 1211 1603 digitum
1233 1525 1386 1586 minimum
1409 1524 1566 1606 utriusque
1589 1525 1673 1606 pedis
1697 1528 1805 1606 postici

200 1647 305 1726 tregit;
327 1653 398 1727 post
420 1645 503 1730 qnod
527 1646 632 1710 diebus
656 1646 776 1720 moena,
810 1646 950 1711 tractaris
973 1646 1120 1712 incisione
1144 1648 1270 1728 apertis,
1302 1649 1335 1710 iu
1358 1648 1435 1728 pede
1457 1647 1564 1710 dextro
1589 1669 1711 1728 parvam
1736 1652 1805 1712 calli

198 1770 339 1834 exsudati
361 1772 496 1852 copiam,
525 1772 557 1834 in
579 1772 702 1835 sinistro
717 1771 808 1852 plane
830 1769 947 1834 nnllam
969 1770 1092 1834 invertit
1138 1771 1216 1834 Dein
1239 1771 1363 1852 digitum
1386 1772 1514 1853 primurn
1538 1773 1633 1852 tregit,
1665 1782 1694 1834 et
1718 1793 1805 1854 prae

200 1895 336 1976 terlapao
360 1913 461 1960 aterne
483 1915 547 1960 uno
570 1894 752 1971 cuniculum,
775 1896 826 1978 qni
849 1914 938 1959 crure
960 1893 1129 1976 paralytico
1152 1895 1306 1976 aliquanto
1329 1894 1437 1957 mdius
1459 1896 1502 1957 uti
1525 1903 1651 1976 poterat,
1674 1899 1805 1964 necavitr

199 2021 230 2081 in
264 2018 356 2099 digito
386 2020 509 2082 minimo
538 2021 652 2084 sinistri
679 2019 766 2100 pedis
797 2021 860 2082 tere
882 2019 967 2083 nullo
989 2017 1148 2081 exsudatio
1180 2018 1252 2080 calli
1286 2019 1540 2099 conspiciebatur:
1580 2020 1655 2082 tinas
1691 2023 1803 2084 ossium

201 2151 285 2206 erant
307 2143 412 2206 tumidi
435 2140 492 2226 (l),
514 2143 633 2226 pallidi,
655 2163 712 2206 ttae
733 2144 792 2206 uisi
813 2143 949 2224 portibus
972 2142 1178 2222 adjacentibus
1200 2163 1269 2204 curn
1291 2141 1351 2204 illia
1374 2143 1522 2204 concretis
1546 2143 1625 2204 inter
1646 2163 1679 2205 se
1708 2147 1804 2207 conti-

159 2265 165 2272 “
200 2267 359 2342 achantum
389 2269 420 2330 iu
450 2267 543 2347 digito
565 2268 664 2350 primo
693 2268 830 2346 ejusdem
852 2265 955 2330 lateris
987 2273 1083 2330 totum
1109 2285 1145 2328 os
1168 2266 1299 2328 orossius
1322 2265 1376 2328 tuit
1393 2273 1487 2348 atque
1509 2267 1669 2344 torridum,
1703 2276 1803 2348 partes

201 2393 372 2474 adjacentes
401 2411 470 2456 enm
499 2390 620 2456 ossibus
648 2410 711 2455 non
741 2399 916 2465 concretae,
946 2392 1022 2454 tinas
1045 2390 1159 2454 ossium
1181 2390 1291 2454 sonori
1314 2389 1438 2469 negotio
1458 2409 1550 2472 qnam
1573 2391 1604 2451 ia
1632 2390 1726 2471 digito
1749 2395 1804 2459 mi·

198 2518 280 2580 aimo
312 2535 455 2598 separare
484 2514 580 2582 licuit.
632 2517 666 2581 ba
696 2515 782 2597 pedis
812 2514 910 2578 dextri
942 2514 1036 2594 digito
1068 2513 1167 2594 primo
1197 2514 1273 2576 lines
1305 2513 1383 2578 ossis
1405 2513 1495 2574 valde
1518 2519 1690 2577 meruerunt
1714 2522 1804 2598 atque

200 2659 308 2722 magna
330 2641 421 2722 copia
441 2638 585 2704 materiae
607 2638 826 2718 oarb'lagineae,
849 2639 880 2700 ia
902 2637 1004 2700 medio
1026 2657 1100 2700 vero
1123 2655 1231 2699 osseae
1253 2637 1332 2698 irater
1353 2655 1386 2699 se
1409 2639 1534 2702 connati
1557 2647 1655 2712 erant;
1679 2640 1709 2702 in
1723 2642 1805 2718 ejus·

200 2767 268 2828 dena
296 2763 381 2844 pedis
410 2763 503 2842 digito
526 2762 651 2825 mittimo
674 2761 750 2824 fiaes
773 2759 851 2823 ossis
874 2761 961 2821 tracti
983 2759 1072 2820 etiam
1094 2765 1269 2820 tumuerunt
1291 2765 1322 2820 et
1342 2759 1511 2820 substantio
1532 2761 1726 2840 cartilaginea
1756 2781 1804 2824 sa-

200 2889 238 2951 tis
267 2889 351 2950 tirmo
380 2887 458 2950 inter
485 2905 519 2948 se
542 2886 676 2948 concreti
698 2891 793 2948 eraut.
837 2885 924 2946 Patet
946 2882 991 2946 bis
1015 2882 1241 2963 experimentis,
1263 2881 1294 2944 vi
1308 2891 1478 2943 ‘nervorum
1504 2883 1668 2963 intercepta
1692 2887 1803 2946 terina-

200 3014 314 3077 tionem
342 3009 413 3074 calli
441 3029 503 3073 non
519 3027 646 3090 prorsus
669 3008 790 3091 quidam
814 2976 961 3088 impediri,
982 3006 1127 3070 retardari
1150 3013 1249 3070 mmen
1270 3024 1328 3068 nec
1350 3005 1422 3081 satis
1444 3005 1564 3086 plenam
1588 3007 1663 3070 tisri.
1709 3007 1803 3089 nque

199 3139 264 3218 ipse
292 3137 380 3200 etiam
410 3134 569 3198 observavi
598 3134 628 3196 in
660 3135 791 3196 tractura
820 3132 942 3198 samoris
972 3130 1069 3194 dextri
1098 3130 1182 3196 oanis
1218 3131 1269 3192 vix
1297 3149 1415 3192 merases
1442 3149 1496 3193 sex
1518 3131 1595 3206 nati,
1619 3151 1707 3213 quam
1739 3131 1803 3196 Cel.

200 3263 254 3324 Dr.
279 3259 456 3342 spineolo,
479 3257 602 3322 scholae
624 3256 821 3322 veterinariae
842 3256 1049 3320 Berolinensis
1070 3255 1219 3336 magister,
1242 3253 1450 3337 inquireudam
1473 3235 1601 3334 benigne
1624 3255 1694 3316 mim
1711 3256 1804 3317 tradi·

79 3374 82 3382 ’
200 3383 251 3446 «lit.
296 3386 419 3446 Praeter
441 3385 538 3445 lemur
560 3383 718 3444 infractum
741 3381 941 3443 extremitates
965 3381 1149 3462 posteriores
1172 3398 1211 3442 ex
1232 3379 1429 3460 percussione
1451 3379 1530 3440 ossis
1559 3379 1637 3440 sacri
1667 3379 1803 3460 paralysi

200 3511 321 3572 allectae
346 3515 445 3582 eraut,
468 3506 622 3588 tribusque
644 3507 818 3584 septimanis
841 3513 911 3586 post
933 3505 1044 3570 animal
1068 3511 1218 3568 morinum
1241 3509 1297 3567 eat.
1340 3501 1487 3564 Praetura
1510 3503 1541 3563 in
1565 3509 1650 3582 parte
1681 3503 1802 3565 tonsoris

199 3634 340 3697 interiore
371 3633 448 3694 faeta
481 3638 557 3703 erat;
580 3631 746 3711 fragmenta
769 3629 799 3690 in
818 3631 932 3708 justum
955 3629 1135 3709 positionem
1165 3626 1298 3708 reposito
1320 3626 1451 3698 tuerent,
1475 3645 1531 3686 aee
1553 3625 1615 3684 ulla
1643 3624 1802 3688 dislocatio

200 3767 285 3821 extus
316 3757 550 3840 percipiebatur3
578 3753 671 3817 nihilo
695 3761 791 3816 tamon
816 3754 913 3814 tralatus
937 3752 1102 3814 meuabrnm
1126 3751 1237 3830 pollice
1261 3750 1324 3810 tere
1346 3747 1466 3808 brevius
1489 3755 1554 3808 erat
1580 3755 1611 3808 et
1633 3767 1703 3825 pars
1728 3749 1803 3810 inte·

199 3885 262 3946 rior
290 3881 444 3948 manifeste
474 3879 566 3942 rotari
596 3885 721 3958 poterat.
769 3879 847 3938 Osse
877 3875 974 3939 albino
996 3873 1080 3936 rnolli
1103 3893 1164 3953 opo
1187 3871 1275 3934 cultri
1297 3869 1462 3932 seertatdutn
1491 3869 1709 3950 longitudinem
1732 3891 1801 3951 per-

199 4021 296 4082 sorto,
320 4009 428 4072 iraeneo
452 4002 653 4086 apparebant:
684 4003 815 4062 tractura
844 3999 968 4080 obliqua
996 4005 1061 4062 erat
1090 4006 1121 4060 et
1149 4017 1169 4058 a
1189 4002 1274 4078 parte
1296 3993 1439 4058 interiore
1463 3999 1492 4055 et
1514 3993 1666 4055 anteriore
1696 4012 1802 4058 versus

199 4133 386 4214 superiorem
417 4137 445 4192 et
475 4127 674 4210 praeterieram
703 4123 859 4205 vergebat;
889 4125 1054 4202 fragmenta
1081 4121 1122 4184 ita
1150 4138 1243 4184 uouaa
1268 4120 1297 4182 iu
1320 4118 1447 4182 alterum
1470 4117 1585 4180 intrusa
1607 4117 1801 4198 apparebant,

199 4267 231 4318 nt
262 4257 428 4337 superioris
450 4273 523 4336 pars
544 4252 678 4316 anterior
700 4249 875 4331 prominens
899 4219 927 4308 iu
952 4267 1028 4310 aava
1051 4245 1210 4310 raorlallari
1231 4243 1396 4316 interioris,
1418 4241 1569 4322 hajmqae
1590 4259 1662 4322 pars
1685 4243 1802 4322 promi-

198 4401 272 4447 nens
289 4380 439 4462 posterior
461 4379 491 4438 iu
515 4397 590 4440 cavo
614 4372 772 4440 medullari
794 4371 952 4452 tragtuenti
974 4369 1139 4451 superioris
1162 4370 1351 4441 inhaereret,
1375 4366 1462 4444 cajeta
1484 4383 1589 4444 margo
1614 4371 1722 4430 aonam
1745 4367 1803 4429 boc

199 4460 269 4568 tom
306 4507 467 4566 introrsum
506 4500 633 4562 inflexus
662 4507 726 4562 erat
756 4503 785 4560 et
817 4497 847 4562 in
875 4495 1042 4574 fragmento
1073 4493 1215 4556 interiore
1243 4489 1470 4571 inpressionem
1503 4487 1581 4550 bene
1610 4489 1803 4570 conspicuam

199 4631 346 4690 otleoerat
393 4623 553 4690 Pressioae
577 4632 679 4685 mutua
701 4623 816 4686 ossium
838 4620 936 4685 adriae
957 4617 1094 4680 mollium
1116 4617 1191 4681 liaeo
1212 4616 1422 4696 phaenomena
1443 4612 1696 4692 exanttsaepateo
1741 4615 1802 4674 'lu-

199 4759 254 4816 bus
280 4749 452 4812 riri-‹lullaris
475 4746 632 4826 fragmenti
655 4746 829 4825 superioris
851 4743 953 4828 quoad
977 4741 1100 4804 interius
1123 4739 1310 4816 imminebat,
1343 4735 1507 4800 medullam
1535 4754 1597 4797 uon
1621 4735 1799 4841 continebat,

199 4883 250 4940 aad
276 4896 381 4938 eavtrm
406 4871 552 4936 referebat
574 4888 717 4942 vacarum,
741 4867 877 4948 pluriu'ais
901 4867 977 4930 locis
1001 4865 1166 4930 substantia
1188 4863 1283 4942 molli,
1306 4859 1474 4926 rubicunda
1496 4858 1676 4922 obvertunt
1699 4867 1729 4922 et
1749 4879 1802 4923 su-

201 5027 253 5084 pra
284 5003 345 5064 telo
375 4995 533 5060 raedrrllari
564 4993 703 5056 densiore
732 4994 811 5060 tacta
838 4991 983 5054 clausum.
1037 4989 1140 5054 Siuule
1160 5009 1272 5054 caram
1293 4987 1324 5050 iu
1347 4982 1512 5050 substantia
1534 4982 1700 5063 spongiasa
1721 4983 1802 5065 trag-

1358 5103 1431 5172 2⁰·
1618 5152 1622 5161 .
