4784 5894
1367 505 1447 582 lta

606 737 706 780 ronx
729 723 759 778 et
782 717 1011 792 Schwenke,
1035 723 1123 799 atque
1143 718 1206 797 jam
1229 717 1418 799 lougoante
1440 725 1576 798 tempore
1601 717 1639 780 ab
1661 716 1912 798 lleydet-l)·in
1935 717 2055 779 ossium
2070 717 2229 780 nmine

605 849 669 904 arte
692 841 804 904 effectis
829 842 1007 904 observatus
1028 843 1139 917 fuerat,
1162 841 1260 922 ipsum
1282 840 1368 904 illum
1391 859 1523 904 succum
1539 859 1673 914 osseum>
1690 841 1894 914 esoe··.voltrit;
1911 861 2021 923 porro,
2043 859 2122 902 vasa
2147 840 2229 902 calli

605 985 667 1028 uon
692 985 708 1026 e
731 966 893 1046 periosteo,
916 967 970 1028 sed
992 967 1120 1028 maxime
1143 987 1160 1028 e
1183 967 1316 1028 medulla
1339 967 1463 1044 exoriri,
1487 975 1575 1048 atque
1598 966 1782 1047 periosteum
1805 986 1823 1028 a
1846 965 1932 1028 callo.
1948 964 2163 1044 cartilaginem·
2178 965 2229 1026 fas

605 1090 663 1152 cile
684 1090 819 1170 separari
841 1091 1118 1171 possecontendlt
1164 1089 1246 1172 Quid
1268 1105 1343 1152 vero
1365 1081 1498 1153 voluerit
1524 1090 1903 1166 {tolleremur-‘haecce
1919 1088 2065 1170 ‘suipsita
2101 1087 2232 1150 »callus

611 1221 725 1276 „tamen
749 1214 1035 1294 ino'rganicu‘rn,
1056 1231 1176 1295 semper
1198 1215 1395 1295 spongiosum
1418 1221 1452 1276 ab
1469 1213 1649 1276 oellulosnm
1670 1223 1725 1275 ant
1747 1213 1878 1278 solidum
1899 1221 2233 1278 concrementum

611 1334 680 1415 nest,
704 1340 787 1421 qnod
811 1357 921 1401 succus
944 1357 1051 1401 osseus
1073 1338 1188 1400 nnllam
1212 1345 1389 1400 avoreatorc
1411 1335 1553 1402 structam
1578 1338 1881 1418 fabricam-reperiat,
1904 1357 1981 1419 qnae
2006 1355 2080 1399 cnm
2108 1336 2231 1400 ordine

614 1469 660 1524 „et
674 1467 790 1524 'ornatu
814 1483 832 1522 a
853 1479 948 1526 succo
972 1471 1071 1526 terreo
1094 1473 1199 1543 posset
1218 1463 1393 1524 confirmari
1401 1461 1473 1548 (2)·«
1493 1463 1537 1512 '-··
1561 1427 1720 1524 eominus
1744 1462 1868 1542 intelligi
1891 1468 2007 1542 potest,
2030 1462 2113 1543 quod
2141 1461 2232 1540 idern

606 1587 671 1649 allis
693 1586 771 1649 locis
795 1587 906 1648 callum
930 1588 1008 1650 ossis
1031 1587 1245 1648 imitamentum
1269 1607 1335 1649 esse
1358 1587 1513 1667 cognovit,
1548 1586 1727 1668 eademque,
1762 1593 1851 1668 atque
1880 1586 1948 1666 ipsa
1971 1605 2056 1662 oasa,
2090 1604 2230 1666 perctar-

606 1731 672 1773 rcre
697 1711 878 1774 evolationis
901 1713 1006 1788 stadia,
1029 1713 1111 1774 vasis
1133 1713 1312 1774 instructum
1335 1729 1410 1786 esse,
1433 1717 1463 1772 et
1484 1729 1562 1792 quae
1585 1717 1656 1773 sunt
1677 1711 1834 1790 ejusmodi
1856 1789 1860 1794 Δ

764 1835 860 1896 Etiam
883 1837 918 1896 B.
944 1837 975 1896 S.
998 1835 1164 1898 Albinus
1188 1835 1256 1916 (3),
1285 1835 1329 1896 uti
1352 1835 1475 1897 omnino
1499 1835 1662 1898 sententiae
1687 1834 1733 1896 dn
1769 1833 1937 1896 llamelii
1967 1833 2006 1895 dc
2034 1833 2229 1898 formatione

606 1959 720 2022 ossium
743 1960 967 2034 obversabatur,
990 1959 1032 2020 ita
1054 1959 1164 2022 callum
1188 1959 1306 2022 dicebat
1327 1959 1458 2039 primum
1480 1959 1611 2039 gelatum
1634 1967 1771 2021 tenerum
1793 1959 1922 2033 referre,
1946 1957 2016 2020 dein
2037 1959 2103 2020 lieri
2127 1957 2227 2020 carti-

604 2084 763 2163 lagineum,
786 2084 1048 2160 confirmatiorem,
1071 2090 1160 2166 atque
1183 2084 1263 2146 intus
1287 2103 1406 2146 osseam
1428 2083 1563 2145 inchoari
1585 2090 1738 2156 naturam
1761 2103 1860 2165 neque
1883 2103 1987 2158 exeo,
2010 2081 2094 2164 qnod
2114 2082 2225 2162 perio-

604 2215 699 2270 stenm
723 2227 792 2270 cum
815 2207 894 2270 callo
918 2209 1086 2284 cohaereat,
1107 2207 1201 2288 sequi,
1223 2214 1257 2268 nt
1279 2208 1375 2268 callus
1398 2227 1454 2286 pro
1472 2207 1625 2286 periosteo
1648 2206 1788 2269 indurato
1810 2207 1967 2270 habeadus
1990 2215 2078 2269 esset

766 2333 931 2410 Camper
953 2330 1006 2407 (d)
1038 2331 1148 2392 callum
1172 2332 1347 2409 organicum
1371 2349 1437 2392 esse
1466 2331 1679 2406 arbitrabatur,
1701 2349 1837 2411 veroque
1859 2331 1923 2394 ossi
1946 2331 2069 2394 omnino
2099 2351 2221 2412 parem

605 2455 747 2516 Distinxit
770 2462 867 2515 alitem
891 2455 923 2514 in
945 2455 1049 2534 quavis
1071 2455 1203 2514 fractura
1225 2453 1337 2533 duplex
1356 2453 1426 2514 calli
1442 2471 1546 2534 genus,
1569 2461 1786 2531 externum,
1809 2455 1892 2536 quod
1909 2455 2057 2534 gelatione
2079 2455 2223 2518 adinstar

605 2578 662 2640 sub
685 2579 837 2658 periosteo
861 2597 899 2638 ex
922 2577 1005 2639 tibris
1028 2578 1106 2640 ossis
1129 2577 1334 2654 exsularetur,
1357 2578 1527 2659 sensimque
1549 2577 1676 2640 solidius
1700 2578 1793 2656 tieret,
1815 2586 1850 2641 nt
1871 2579 1903 2640 in
1926 2578 2009 2650 omni
2032 2580 2220 2642 formatione

607 2702 749 2764 materiae
771 2721 886 2778 osseae,
910 2708 998 2784 atque
1021 2703 1227 2778 internum,
1251 2702 1333 2782 quod
1357 2703 1510 2764 exoriatur
1532 2703 1723 2784 separatione
1745 2702 1875 2786 quadam
1897 2709 1928 2766 ct
1949 2702 2144 2784 elongatione
2171 2703 2220 2764 la-

604 2828 762 2890 mellarum
788 2827 864 2889 ossis
888 2827 1081 2888 internarum.

671 2924 675 2930 .
765 2951 884 3014 bouis
908 2951 979 3034 (5),
1001 2951 1046 3012 uti
1068 2957 1170 3031 partes
1192 2949 1300 3012 molles
1330 2950 1413 3011 refici
1437 2969 1529 3029 posse
1552 2951 1693 3032 negabat,
1715 2952 1757 3013 ita
1788 2951 1903 3015 ossium
1931 2951 2021 3014 eliam
2048 2953 2217 3016 restitutio-

605 3095 674 3138 nem
696 3094 849 3155 nunqnam
873 3074 937 3134 lieri
961 3074 1069 3146 voluit;
1092 3072 1176 3156 quod
1198 3093 1303 3134 recens
1326 3073 1357 3134 iu
1380 3074 1500 3136 ossibus
1524 3074 1672 3151 existeret,
1695 3074 1737 3136 nll
1761 3094 1827 3138 esse
1849 3077 2011 3152 contendit,
2034 3095 2125 3157 quam
2144 3095 2216 3139 suo-

605 3219 674 3262 cum
697 3198 832 3272 effusum,
856 3198 908 3280 qui
936 3217 954 3257 a
984 3197 1119 3277 partibus
1149 3197 1340 3259 circumdatis
1368 3205 1509 3279 tanquam
1539 3199 1570 3260 in
1599 3199 1736 3261 modiolo
1763 3206 1896 3262 retentus
1926 3200 2110 3275 manassem
2133 3202 2216 3263 bunc

606 3343 704 3405 neque
726 3322 860 3384 medulla
882 3341 980 3402 neque
1002 3321 1082 3382 vasis
1105 3321 1226 3384 instrui:
1250 3321 1388 3382 firmitate
1411 3322 1529 3402 quidem
1554 3331 1585 3384 et
1614 3323 1759 3386 densitate
1788 3343 1877 3387 ossea
1906 3343 1989 3402 esse,
2010 3343 2109 3406 neque
2136 3343 2215 3386 vero

608 3448 722 3510 ossium
743 3452 926 3509 structuram
949 3445 1103 3518 exlribere3
1121 3453 1160 3506 ut
1182 3445 1300 3524 paucis,
1323 3445 1366 3505 nil
1384 3465 1451 3507 esse
1473 3445 1531 3507 nisi
1554 3465 1683 3509 massam
1705 3448 1828 3526 rudem,
1852 3449 2065 3528 anorganioam
2092 3447 2219 3523 (massif

605 3573 741 3647 informe,
765 3563 942 3632 concretion
964 3569 1189 3650 inorgauique).
1214 3533 1267 3630 ’ln
1290 3568 1410 3649 gallinis
1432 3575 1530 3630 tamen
1554 3577 1584 3631 et
1606 3571 1742 3633 anatibns
1764 3572 1944 3649 observavit,
1965 3573 2113 3642 fracmras
2126 3575 2214 3654 juste

605 3697 753 3779 repositas
788 3695 894 3757 eadem
921 3693 1037 3756 ratione
1064 3693 1237 3756 coadunari
1259 3711 1367 3774 posse,
1390 3713 1450 3776 qua
1479 3693 1510 3755 in
1538 3693 1674 3775 partibus
1701 3695 1845 3758 mollibus
1871 3697 2051 3758 renniuntur
2075 3697 2214 3772 vulnera,

604 3822 674 3882 exili
697 3828 811 3883 tantum
834 3821 912 3881 inter
933 3819 1008 3880 fines
1031 3819 1144 3880 fractos
1166 3819 1368 3882 intercedente
1402 3837 1563 3880 succontm
1586 3817 1777 3908 nutrisprum
1800 3820 1903 3901 copia,
1936 3839 1996 3902 qua
2024 3829 2129 3885 numa
2157 3839 2210 3884 va·

604 3963 707 4004 sorum
730 3941 905 4021 conjunctio
927 3941 1009 4001 haud
1030 3942 1234 4020 impediretur.

766 4065 883 4143 Troja
896 4061 947 4138 (6)
970 4069 1087 4143 partem
1109 4064 1264 4126 infractam
1289 4065 1390 4143 primis
1415 4065 1519 4128 diebus
1543 4067 1694 4146 cooperiri
1705 4066 1780 4130 vidit
1797 4067 1918 4130 materie
1931 4067 2106 4148 gelatlnosa,
2129 4089 2208 4152 quae

604 4219 925 4235 -u-nffl

766 4326 808 4397 (1)
827 4331 958 4396 lleyde,
976 4331 1154 4396 experimenta
1173 4333 1241 4382 rirca
1259 4331 1394 4394 sanguinis
1421 4334 1572 4382 missionem
1591 4343 1657 4395 etc.;
1676 4337 1803 4385 accedunt
1822 4332 1942 4399 ejusdem
1959 4338 2058 4386 autoris
2077 4338 2205 4392 observat.

606 4420 730 4468 rnediree.
750 4421 893 4470 Amstelod.
914 4420 990 4470 lona.
1011 4423 1074 4471 oba.
1093 4422 1147 4470 LV.
1166 4438 1190 4484 p.
1213 4419 1273 4472 124.

764 4507 805 4570 (2)
826 4508 966 4570 llaller,
985 4511 1061 4558 elem.
1082 4511 1153 4574 phys.
1173 4511 1203 4560 T.
1224 4511 1296 4561 Vlll.
1316 4527 1339 4574 p.
1359 4509 1413 4560 :tat

764 4589 806 4662 (3)
827 4597 857 4646 Β.
877 4593 906 4646 S.
925 4597 1048 4644 Albini
1072 4599 1179 4648 exercit.
1199 4600 1270 4648 acad.
1289 4601 1337 4652 tib.
1358 4599 1401 4652 Vl.
1421 4615 1444 4652 c.
1465 4600 1479 4648 l
1499 4601 1532 4648 de
1550 4602 1717 4662 generatione
1733 4603 1831 4650 ossium
1848 4619 1873 4666 p.
1892 4601 1936 4654 21.
1974 4603 2072 4650 Leidee
2089 4601 2167 4653 laet

764 4684 804 4752 (4)
825 4686 982 4746 campet,
1001 4699 1085 4747 easays
1104 4685 1156 4732 and
1174 4687 1228 4739 obs.
1248 4689 1321 4749 phys.
1340 4689 1391 4736 and
1410 4689 1525 4751 literery.
1544 4689 1641 4738 ndiab.
1663 4689 1740 4744 l'f'fl.
1761 4691 1817 4739 Vol.
1837 4691 1887 4740 111.
1906 4699 1955 4740 art.
1974 4689 2018 4740 28.
2036 4707 2061 4753 p.
2081 4689 2143 4740 541.

763 4767 806 4840 (⁵)
825 4774 949 4835 Lenis,
967 4787 1012 4821 rur
1028 4773 1056 4820 le
1074 4772 1216 4833 pre'tendue
1233 4775 1415 4835 regeneration
1432 4776 1478 4824 dea
1497 4777 1596 4839 elmlea,
1614 4779 1644 4826 in
1660 4779 1742 4832 ntem.
1761 4779 1793 4827 de
1812 4776 1905 4830 l'acad.
1923 4795 1979 4844 roy.
1997 4781 2030 4828 de
2055 4781 2198 4848 cbinrrgie,

603 4865 633 4920 Τ,
653 4865 682 4917 V.
702 4880 727 4926 p,
749 4861 809 4912 14⁷.
829 4859 888 4910 1³⁰.

764 4945 806 5018 (d)
826 4947 946 5014 Trojey
962 4951 996 4999 de
1011 4965 1139 4999 noronun
1157 4951 1255 4999 ossium
1274 4951 1303 4999 in
1322 4951 1432 5020 integris
1450 4959 1477 5002 et
1493 4954 1619 5002 meximla
1637 4954 1670 5004 ob
1694 4955 1797 5005 morbos
1816 4956 2043 5020 deperditionibua
2066 4972 2200 5021 mgentem·
