4768 5894
960 573 1038 647 221

194 779 414 844 animaene
436 779 554 842 albidae
572 781 637 860 jam
659 787 861 858 memorabat
884 781 953 844 hnic
975 781 1159 846 extrinsecus
1181 780 1346 844 substantia
1369 781 1531 866 quaedam,
1553 787 1633 850 vasis
1656 806 1726 850 cera
1747 807 1797 853 re-
1836 741 1841 753 Ι

193 903 283 986 pletis
306 903 411 966 colore
433 904 548 966 intense
569 903 663 967 rubro
687 904 786 980 tincta,
810 905 937 967 coulinis
961 911 1040 982 erat,
1073 925 1151 987 quae
1173 907 1345 986 cartilagine
1369 909 1533 988 apparebat
1554 911 1677 974 mollior
1698 930 1796 995 neque

193 1033 374 1089 structuram
396 1026 535 1089 distincte
556 1027 779 1108 cartilagineam
803 1028 975 1106 exhibebat,
1011 1035 1097 1092 extus
1119 1049 1192 1091 vero
1222 1030 1254 1090 in
1282 1050 1384 1092 veram
1414 1032 1617 1112 cartilaginem
1639 1033 1796 1114 paullatim

193 1149 302 1212 abibat.
347 1151 529 1231 Supertioiea
550 1151 655 1212 finium
678 1152 842 1212 tractorum
865 1151 1015 1212 denudata
1037 1152 1179 1234 ipsaeque
1191 1153 1282 1215 iacies
1300 1155 1449 1215 tracturae
1461 1175 1524 1218 non
1545 1163 1676 1218 mutatae
1699 1166 1795 1236 erant,

191 1289 291 1356 neque
312 1293 330 1336 e
353 1273 451 1336 canali
473 1273 631 1336 medullari
653 1287 737 1336 nora
756 1271 922 1336 substantia
944 1274 1138 1355 prosiluerat3
1162 1275 1294 1338 medulla
1316 1276 1382 1357 ipsa
1404 1277 1435 1340 in
1458 1279 1622 1358 fragmento
1640 1281 1797 1361 superiore

189 1397 338 1460 linearum
361 1397 495 1474 duanam,
519 1399 550 1458 in
572 1397 714 1460 inferiore
743 1397 864 1478 pollicis
888 1396 1001 1458 dimidii
1030 1397 1128 1478 spatio
1152 1399 1278 1480 pallida,
1302 1407 1452 1477 emortua,
1474 1421 1644 1484 suppurans
1668 1423 1796 1486 appare-

190 1521 250 1598 bat,
268 1527 304 1582 et
326 1541 345 1582 a
367 1539 442 1584 sana
463 1520 596 1582 medulla
618 1520 712 1582 limite
733 1521 850 1582 intense
872 1521 966 1583 rubro
989 1521 1241 1602 distinguebaturt
1263 1522 1343 1586 ultra
1363 1523 1443 1587 hunc
1465 1524 1568 1588 locum
1591 1545 1680 1592 ossea
1703 1534 1795 1592 mate·

191 1646 253 1708 ries
276 1646 356 1708 inim
379 1643 524 1707 exsudata
546 1643 715 1706 luculenter
738 1643 988 1726 conspiciebatur.
1207 1623 1210 1630 ¹

570 1856 687 1920 Diebus
715 1856 819 1942 viginti
849 1863 980 1940 quatuor
1007 1863 1079 1938 post
1107 1858 1216 1922 iactam
1234 1859 1415 1922 ¹tracturam.

352 2001 467 2078 Tumor
489 2021 630 2078 externus
652 2016 799 2094 non'jam
821 2015 863 2076 ita
885 2033 1011 2095 magnus
1034 2021 1112 2083 erat:
1141 2016 1173 2077 ia
1195 2015 1266 2078 loco
1289 2018 1453 2094 tracturae,
1476 2020 1563 2081 utin
1586 2019 1796 2102 experimentis

190 2140 351 2226 prioribus,
373 2157 480 2202 cavum
503 2137 745 2218 conspiciebatur
765 2156 841 2218 pure
863 2137 1025 2218 repletum,
1059 2136 1201 2200 ambitum
1230 2146 1328 2200 tamon
1358 2140 1501 2204 exbibens
1531 2143 1630 2206 minue
1652 2143 1793 2224 amplum.

190 2267 404 2346 Fragmentum
426 2261 686 2339 intemavemus
709 2260 941 2322 latus-anterius
965 2266 996 2321 et
1023 2262 1155 2323 exterius
1186 2261 1364 2326 dislocatum
1387 2269 1416 2326 et
1438 2263 1470 2326 in
1493 2265 1677 2328 altitudinem
1698 2266 1794 2328 Enea-

189 2409 258 2451 rnm
279 2393 411 2470 quatuor
432 2385 580 2468 superiori
603 2390 667 2448 erat
689 2383 876 2466 impositum
907 2385 986 2446 inter
1014 2384 1191 2466 superficies
1221 2386 1340 2467 apicum
1371 2386 1414 2448 ita
1442 2387 1498 2450 sibi
1522 2389 1665 2452 obversae
1688 2407 1795 2452 cavum

191 2513 268 2576 illud
290 2511 440 2574 intererat.
484 2511 551 2572 llac
573 2515 658 2590 parte
680 2507 776 2570 callus
800 2516 941 2571 extemns
964 2508 994 2570 in
1018 2510 1186 2588 fragmento
1209 2510 1366 2589 superiore
1388 2509 1484 2573 lineas
1507 2518 1644 2594 quatuor,
1665 2512 1697 2574 in
1720 2512 1795 2574 inie-

190 2638 273 2699 riore
293 2653 385 2696 unam
407 2641 438 2695 ot
460 2630 612 2694 dimidiam
634 2649 653 2692 a
674 2631 808 2710 margine
827 2631 979 2692 tracturae
1008 2631 1105 2690 adbuc
1133 2629 1275 2692 distabat:
1307 2631 1389 2711 qnod
1417 2633 1566 2713 reliquum
1595 2641 1661 2697 erat
1688 2655 1794 2714 snper-

190 2760 272 2824 sroiei
293 2761 526 2838 fragmentorum
549 2761 690 2815 externae
711 2771 809 2837 usque
832 2753 870 2814 ad
892 2751 1214 2830 margiuea'iraotnrae
1236 2752 1338 2814 album
1361 2759 1391 2815 et
1411 2754 1548 2833 glabrum
1571 2756 1742 2836 apparebat,
1764 2765 1794 2817 et

191 2902 277 2968 pure,
300 2882 348 2944 cui
370 2880 472 2944 ossula
493 2895 588 2961 parva
610 2874 706 2939 libere
728 2875 896 2952 innatabat,
924 2873 1102 2937 alluebatur.
1157 2875 1192 2936 ln
1222 2875 1316 2938 latere
1348 2895 1422 2938 vero
1446 2878 1614 2958 posteriore
1636 2878 1794 2956 lragmenti

192 3007 358 3090 superioris
380 3004 475 3067 callus
498 3019 595 3084 usque
618 3001 657 3062 ad
679 3001 842 3080 marginem
864 3000 1014 3060 tracturae
1037 3017 1073 3060 os
1097 2996 1270 3077 obtegebat;
1293 3017 1310 3060 e
1332 2999 1517 3060 medialacie
1539 3003 1633 3062 lracta
1655 2999 1794 3063 substan-

190 3134 232 3194 tia
253 3130 353 3206 rubra,
376 3127 476 3190 mollis
499 3124 682 3206 assurgebat,
704 3143 782 3206 qnae
803 3123 874 3204 pilei
897 3123 1059 3202 longorum
1082 3121 1120 3184 ad
1143 3122 1237 3184 instar
1258 3139 1350 3201 super
1361 3123 1523 3202 marginem
1546 3125 1703 3202 tracturae,
1725 3145 1794 3187 cunr

191 3259 249 3319 hoc
271 3264 370 3316 umen
392 3270 455 3313 uon
476 3251 650 3324 cohaerens,
672 3266 806 3328 expansa
827 3253 894 3308 erat
914 3253 944 3308 et
965 3245 1078 3328 passim
1101 3267 1168 3308 cnm
1191 3211 1326 3326 partibus
1349 3245 1491 3308 mollibus
1512 3247 1795 3312 ambientibusooa·

190 3381 296 3454 luerat,
318 3374 481 3438 mandaram
498 3391 573 3435 vero
595 3379 710 3454 partem
732 3371 763 3433 in
785 3389 893 3432 camma
916 3388 991 3450 pure
1014 3370 1162 3450 repletum
1183 3369 1278 3432 libere
1300 3367 1481 3433 intaminabat.
1525 3373 1560 3432 ln
1579 3391 1655 3435 cavo
1678 3373 1794 3435 mednl-
1835 3409 1841 3422 ·

192 3504 249 3566 lari
270 3499 436 3564 substantia
458 3497 537 3574 calli,
559 3503 666 3560 contm
688 3513 723 3556 ac
746 3494 811 3556 fieri
833 3493 1006 3570 consuevit,
1039 3494 1165 3558 ulterius
1196 3495 1284 3556 etiarn
1315 3513 1403 3576 quam
1435 3494 1466 3556 in
1490 3502 1613 3557 autema
1635 3495 1794 3576 superficie

193 3629 320 3692 existere
342 3629 497 3703 coeperam
520 3621 656 3701 proxime
678 3619 718 3680 ad
740 3617 903 3698 marginem
926 3619 1075 3679 tincturae
1105 3619 1135 3679 in
1166 3617 1351 3678 altitudinem
1381 3618 1433 3678 liu.
1460 3617 1501 3692 l}
1534 3625 1629 3679 totum
1652 3617 1793 3678 ambitum

193 3751 305 3815 canalis
327 3745 506 3808 medullaris·
525 3743 725 3816 obturaverat,
748 3747 838 3822 atque
860 3759 898 3800 ex
921 3739 988 3818 ipso
1011 3739 1071 3800 hoc
1093 3739 1190 3799 canali
1213 3738 1387 3816 prominens
1410 3739 1577 3818 partimque
1600 3757 1691 3816 snper
1712 3755 1791 3798 mar·

192 3879 276 3959 gines
298 3875 447 3935 inactarrae
469 3873 593 3928 extensa
615 3865 646 3924 in
668 3862 863 3924 substantiam
885 3859 1017 3934 mollem,
1039 3878 1128 3941 quam
1152 3857 1222 3934 dixi,
1246 3858 1442 3937 pileisormem
1466 3857 1684 3922 immittebatur.
1729 3860 1792 3920 Ne·

192 4021 251 4085 qne
274 3999 372 4062 udnus
394 3993 472 4056 latua
496 3987 628 4052 anterius
650 3983 806 4066 bagmenti
834 3982 985 4044 interioris
1006 4001 1103 4063 arsque
1126 3981 1164 4042 ad
1187 3981 1350 4062 marginem
1374 3983 1522 4049 tracturae
1544 4001 1625 4045 nova
1654 3983 1792 4045 substan.

192 4125 234 4188 tia
263 4141 352 4186 ossea
373 4117 536 4182 obductum
566 4117 645 4186 erat;
678 4107 780 4190 partes
807 4107 920 4169 molles·
945 4106 1122 4168 tumeiactac
1149 4124 1241 4186 snper
1270 4105 1433 4186 marginem
1467 4108 1628 4182 tracturae,
1661 4113 1794 4173 ceterum

191 4248 265 4312 ninii
287 4250 430 4308 mutatum
445 4231 761 4319 -nnnsgrddiebantnr,
795 4241 885 4313 atque
916 4230 1092 4294 coaluerant
1119 4249 1186 4292 cnm
1216 4249 1298 4292 nova
1326 4228 1493 4292 substantia
1521 4245 1624 4306 omae,
1659 4230 1794 4294 cmalem

194 4370 390 4436 medullarem
412 4365 443 4425 in
466 4363 651 4424 altitudinem
674 4358 726 4420 lin.
749 4353 772 4418 3
795 4373 921 4437 prorsus
945 4353 1111 4416 obturante.
1157 4355 1261 4414 Partes
1284 4351 1403 4432 apicum
1428 4352 1603 4431 denudatae,
1627 4373 1704 4436 quae
1725 4354 1794 4436 puri

195 4495 352 4578 expositae
371 4493 464 4561 erant,
486 4485 517 4545 in
539 4485 680 4548 necrosin
702 4480 881 4544 videbantur
903 4477 1027 4549 abiisse;
1057 4482 1139 4538 certe
1166 4481 1307 4558 persecto
1331 4493 1401 4538 osse
1424 4475 1562 4540 distincta
1581 4481 1645 4557 jam
1668 4495 1793 4558 appare·

194 4624 266 4684 bant
288 4609 493 4692 resorptlonis,
515 4607 733 4688 separationem
757 4601 921 4679 afficientis,
942 4598 1076 4678 vestigia

545 4814 659 4882 Diebus
682 4814 1031 4900 quadragintaquinque
1054 4817 1125 4897 post
1146 4811 1254 4874 iactam
1278 4811 1448 4876 sracbrrarn.

357 4977 524 5044 nnloaatio
547 4991 710 5058 permagna
732 4979 811 5046 erat3
833 4973 1031 5054 fragmentum
1058 4970 1181 5035 interius
1212 4969 1415 5050 integretate
1443 4967 1555 5050 pollice
1584 4987 1702 5032 sursum
1729 4977 1794 5032 erat
