4784 5894
1363 2178 1437 2240 Can.
1461 2178 1497 2239 11.

763 2319 996 2398 SANATIO
1023 2321 1315 2399 VULNERUM
1341 2321 1449 2396 PER
1478 2321 1683 2396 uuluam
1709 2321 2097 2398 ΙΝΤΕΝΤΙΟΝΕΜ.

627 2685 787 2806 Vulnera
819 2763 925 2808 recens
959 2743 1064 2807 effecta
1091 2763 1153 2826 per
1184 2745 1311 2824 primam
1344 2744 1540 2808 intentionem
1570 2743 1620 2807 vei
1654 2761 1710 2824 per
1743 2742 1969 2822 adhaesionem,
2010 2743 2042 2812 h.
2075 2762 2102 2808 e.
2145 2742 2233 2808 nulla

625 2887 803 2948 praegressa
825 2869 1042 2950 suppuratione
1075 2875 1105 2931 et
1137 2869 1353 2949 granulatione,
1386 2869 1487 2932 sanari
1520 2887 1621 2950 posse,
1656 2887 1675 2930 e
1707 2869 1858 2932 veteribus
1888 2870 1953 2950 jam
1976 2867 2130 2949 cognitum
2166 2869 2230 2944 fuit,

625 2999 715 3074 atque
744 2994 810 3072 jam
838 2993 975 3056 celsus
998 2993 1051 3070 (Ι)
1080 2999 1241 3073 praecepta
1274 2993 1326 3054 dat
1357 2992 1517 3055 vulnerum
1552 2959 1801 3072 conglutinationi
1833 2991 2076 3074 promovendae;
2106 3011 2229 3056 verom-

624 3123 724 3178 tamen
764 3116 910 3178 ratonem
947 3118 1037 3196 hujus
1065 3116 1229 3178 sanationis
1268 3115 1349 3180 haud
1388 3121 1577 3198 perspectam
1618 3116 1780 3194 habebant,
1824 3135 1916 3199 qnam
1947 3135 2012 3180 non
2044 3117 2229 3197 organicam,

626 3237 680 3300 sed
708 3238 739 3300 in
772 3259 845 3302 vera
880 3238 1135 3319 conglutinatione
1170 3239 1299 3320 positam
1333 3240 1566 3314 arbitrabantur3
1604 3257 1644 3302 ac
1679 3239 1851 3304 novissimis
1886 3239 2007 3330 demum
2040 3240 2229 3322 temporibus

577 3401 582 3408 -
625 3368 706 3423 recte
739 3363 842 3425 sentiri
882 3363 938 3426 hac
977 3363 1015 3425 de
1055 3383 1089 3426 re
1116 3371 1257 3444 coeptum
1291 3370 1346 3426 est.
1401 3363 1583 3446 Faudocq
1617 3362 1687 3441 (1),
1720 3362 1757 3426 le
1791 3365 1861 3425 Cat
1883 3362 1950 3442 (3),
1985 3363 2124 3446 Eyting
2161 3363 2229 3450 (t),

625 3485 861 3548 Haeberlein
885 3485 952 3564 (5),
987 3487 1052 3564 olii,
1090 3487 1216 3568 primam
1251 3487 1444 3549 intentionem
1477 3486 1518 3548 ita
1541 3486 1674 3549 arbitrati
1701 3493 1771 3550 sunt
1792 3487 1875 3564 iteri,
1915 3493 1949 3550 nt
1982 3506 2056 3550 vasa
2089 3495 2228 3570 per-secte

625 3629 730 3672 rursus
763 3611 841 3672 inter
874 3631 908 3675 se
935 3612 1122 3691 contingant,
1162 3611 1247 3672 nulla
1288 3611 1489 3672 intercedente
1527 3611 1692 3674 substantia
1733 3611 1924 3686 intermedia3
1974 3631 2066 3695 quam
2102 3613 2171 3692 jem
2198 3611 2227 3673 J.

624 3735 658 3795 L.
689 3735 791 3798 Petit
814 3735 865 3812 (6)
900 3735 931 3798 iu
960 3736 1066 3818 quavis
1094 3736 1240 3797 reunione
1263 3736 1386 3798 iorman’
1416 3735 1592 3797 crediderat.
1647 3735 1676 3796 J.
1699 3735 1851 3798 Hunter
1874 3734 1925 3812 (7)
1948 3735 2010 3798 vim
2039 3735 2227 3800 munientem

623 3859 654 3919 iu
677 3861 821 3939 sangiune
844 3861 955 3940 posuit,
979 3860 1087 3922 dubius
1110 3858 1293 3943 ceteroquin,
1315 3866 1415 3922 utrum
1437 3859 1544 3922 reunio
1568 3859 1752 3922 anastomosi
1774 3877 1918 3922 vesorum
1940 3866 2148 3941 persectorum
2172 3861 2224 3922 tie-
2307 3917 2312 3930 ,

624 3985 678 4052 ret,
701 3999 740 4042 an
757 3983 858 4061 potius
881 3983 1045 4044 substantia
1068 3983 1244 4046 intermedie
1265 3983 1335 4045 viva
1356 4002 1394 4043 ex
1416 3982 1543 4063 lympha
1565 3983 1724 4063 coagulata
1747 3983 1899 4060 existente,
1922 4002 2008 4066 quae,
2032 3983 2103 4046 dum
2114 3983 2225 4048 rubrae

629 4118 941 4138 m

786 4189 826 4262 (1)
846 4197 984 4258 celsus,
1002 4195 1035 4244 de
1052 4196 1187 4244 medicina
1204 4196 1252 4246 lio.
1273 4196 1313 4256 1.,
1332 4211 1356 4244 c.
1376 4195 1412 4250 11.
1431 4195 1457 4246 6.

784 4279 826 4348 (2)
845 4283 1020 4348 Faudacq,
1038 4283 1178 4332 reflexions
1197 4299 1242 4332 sur
1259 4284 1298 4332 les
1317 4284 1410 4347 piatas.
1446 4283 1518 4332 Paris
1539 4283 1617 4336 1136.
1637 4302 1662 4348 p.
1684 4284 1799 4340 14-82.

784 4369 825 4436 (3)
845 4373 890 4422 Le
910 4374 986 4434 Cat,
1006 4377 1049 4421 in:
1069 4373 1131 4422 Prix
1149 4373 1181 4420 de
1199 4369 1293 4426 l'acad.
1313 4387 1367 4436 roy.
1387 4373 1420 4420 de
1439 4373 1579 4434 chinrrgie,
1615 4373 1689 4421 Paris
1709 4371 1787 4422 1153.
1807 4372 1838 4427 Τ.
1857 4373 1880 4426 1.
1898 4389 1925 4437 p.
1944 4371 2007 4425 219.

785 4455 826 4524 (4)
845 4461 987 4524 Eytiug,
1006 4462 1038 4510 de
1057 4463 1263 4522 consolidatione
1282 4461 1432 4514 vulnerum.
1452 4463 1617 4524 argentorati
1636 4461 1715 4514 1110.
1734 4463 1759 4522 ς.
1778 4463 1806 4512 9.

721 4536 724 4540 ’
783 4545 823 4614 (5)
843 4549 1071 4611 flaeirerlein,
1094 4551 1295 4612 Besatwortung
1321 4551 1394 4598 einer
1412 4550 1558 4619 Pruisirage
1582 4551 1608 4602 «1.
1625 4550 1657 4599 k.
1677 4551 1706 4600 k.
1725 4549 1831 4612 Joseplr.
1857 4549 2052 4610 mem-chinum.
2071 4551 2218 4611 Academie,

623 4636 723 4686 welche
748 4639 928 4694 seschnittene
952 4637 1016 4684 orior
1041 4637 1175 4698 gehauene
1194 4639 1323 4688 Wunden
1347 4639 1431 4688 ‹lurrclr
1449 4641 1493 4688 die
1513 4640 1690 4700 Vereinigung
1703 4639 1771 4694 ,und
1794 4638 1897 4688 welche
1922 4637 2005 4688 durch
2029 4639 2074 4688 tte
2092 4639 2219 4699 niteram

620 4726 722 4794 gebeilt
739 4727 843 4776 wenlen
862 4727 964 4774 solleui
980 4725 1064 4773 Wien
1083 4725 1162 4777 1118.
1181 4743 1206 4788 p.
1227 4726 1270 4778 lt.

781 4811 824 4882 (6)
843 4816 868 4870 J.
889 4816 919 4866 1..
939 4814 1046 4874 Petit,
1065 4814 1093 4861 in
1111 4813 1250 4862 raemoires
1270 4815 1303 4863 oe
1321 4811 1413 4866 l'ooart.
1432 4829 1488 4878 roy.
1508 4815 1553 4862 des
1572 4816 1697 4868 scic-noes.
1717 4815 1789 4864 Paris
1809 4813 1890 4865 1185.

778 4899 819 4970 (1)
837 4904 862 4956 J.
882 4905 1027 4964 liunter,
1046 4902 1179 4950 Versueire
1197 4903 1263 4951 tiber
1281 4903 1326 4951 dos
1346 4902 1426 4964 ntur,
1451 4903 1494 4950 die
1512 4903 1729 4973 Entzttndungen
1754 4921 1781 4958 u.
1801 4901 2029 4967 Schuerwunden‚
2056 4918 2081 4954 ι,
2100 4903 2127 4958 d.
2146 4903 2214 4966 angl.

618 5008 643 5046 v.
662 4993 837 5044 Hebenstteit.
874 4993 965 5056 Leipz.
984 4989 1063 5053 1191,
1082 4991 1131 5044 nd.
1149 4989 1186 5042 11.
1204 4991 1282 5042 num.
1303 4991 1323 5040 1.
1342 5005 1368 5054 p.
1389 4989 1504 5044 10-26.
