4768 5894
621 769 731 830 dicturo
759 775 820 842 eet,
840 767 943 828 'refert
972 766 1113 847 speciem.
1162 764 1220 826 iiie
1241 763 1387 840 enudus,
1414 784 1477 848 quo
1498 764 1628 848 propius
1658 783 1753 828 crena
1786 763 1983 826 edicentrum
2005 761 2216 826 mdedonrs

621 891 750 966 accedit,
773 909 811 954 eo
834 888 928 970 magis
951 895 981 950 at
1002 888 1067 969 ipsa
1090 887 1290 968 progreditur,
1309 888 1496 968 marginibus
1516 887 1650 952 uulneris
1670 887 1799 968 uestigia
1819 889 1887 968 ojus
1907 887 1995 970 quasi
2016 885 2218 969 persequuti·

621 1017 688 1079 bus.
741 1015 836 1076 Etiern
866 1013 918 1074 ubi
946 1031 985 1074 ex
1018 1011 1085 1092 ipse
1118 1010 1269 1072 denudata
1303 1011 1381 1074 ossis
1415 1011 1574 1091 superficie
1596 1010 1821 1090 granulationes
1844 1015 2081 1092 pronesouutur,
2121 1008 2219 1070 eaden

623 1140 739 1202 ratione
762 1157 810 1201 res
833 1133 980 1216 procedit,
1003 1142 1066 1196 turn
1089 1133 1120 1194 in
1143 1132 1271 1196 circuitu
1291 1133 1519 1212 voluntatum
1542 1134 1654 1196 circum
1679 1133 1917 1216 unumquodque
1939 1131 2118 1216 warmume
2138 1150 2218 1194 narn-

623 1281 682 1346 que
705 1281 775 1323 area
797 1260 885 1322 etiarn
908 1257 1084 1332 rubicunda,
1106 1276 1184 1338 quae
1206 1255 1333 1336 granula
1354 1256 1525 1336 siugulatim
1541 1256 1735 1336 *prosilientia
1747 1256 1845 1336 cingit,
1867 1255 2110 1335 iudeaffiugitur,
2132 1253 2217 1336 quod,

615 1390 714 1449 'nana
736 1384 792 1447 sub
815 1389 909 1445 strato
932 1387 1066 1443 extremo
1091 1378 1169 1442 ossis
1192 1380 1367 1441 tenuissimo
1391 1385 1511 1455 exorta,
1541 1379 1705 1462 caruncula
1727 1395 1783 1460 per
1805 1385 1894 1440 tenue
1917 1377 1992 1439 iliud
2015 1377 2154 1439 foliolum
2176 1395 2223 1438 os·

624 1529 712 1576 scum
738 1507 878 1589 pellucet.
930 1506 1034 1586 unque
1061 1522 1211 1584 nusquam
1239 1508 1364 1567 strutuur
1391 1484 1472 1565 ‘ossis
1500 1481 1666 1584 extremum
1691 1499 1733 1574 ,ad
1763 1501 1974 1581 producendas
2004 1499 2223 1580 granulatioues

613 1631 788 1716 'quidquem
816 1631 945 1703 confert,
975 1628 1030 1690 sed
1057 1626 1178 1700 eedem,
1206 1644 1295 1706 quom
1318 1624 1408 1700 aliti,
1432 1623 1552 1685 rationo
1572 1629 1745 1703 separatur,
1774 1624 1803 1686 tr.
1826 1644 1854 1686 e.
1876 1641 1915 1686 os
1939 1623 2017 1686 inira
2038 1621 2225 1704 resorptiooe

626 1757 773 1828 aufertur,
804 1760 892 1834 atquc
921 1753 953 1812 iu
982 1753 1049 1830 ejus
1078 1748 1178 1809 locum
1208 1747 1374 1842 substantio
1402 1745 1583 1840 carunculae
1613 1746 1701 1807 cedit.
1746 1747 1830 1832 ilaec
1853 1744 1943 1831 igitur
1964 1745 2045 1808 illius
2068 1763 2225 1825 processus

626 1879 713 1941 rado¹
733 1883 793 1952 ast,
823 1875 875 1957 qui
898 1894 916 1935 o
937 1871 1153 1935 tenerioribus
1177 1870 1370 1933 emollitio
1402 1869 1512 1932 ossis
1546 1868 1723 1950 piarumque
1758 1875 1901 1945 uocatur,
1929 1888 2027 1951 neque
2050 1887 2123 1932 vero
2150 1887 2227 1943 ease,

629 2000 797 2064 accuratius
819 2003 952 2076 spectato
975 2015 1008 2057 re
1031 2002 1164 2073 apparet.
1214 1983 1216 1986 ’

788 2123 871 2182 liaeo
892 2119 981 2179 unico
1003 2117 1090 2178 nobis
1114 2123 1184 2194 post
1206 2097 1378 2178 Tanonii
1401 2115 1605 2197 experimenta
1627 2115 1731 2178 relicta
1754 2113 1986 2192 estdubitntio,
2012 2115 2113 2196 ipsum
2135 2123 2227 2178 extre·

628 2255 710 2310 munt
733 2244 811 2306 ossis
834 2241 970 2303 foliolum
995 2239 1066 2320 quid
1089 2239 1160 2300 liat?
1188 2238 1496 2317 Solaexperirnenta,
1528 2240 1704 2299 o·‘l'enou
1727 2238 1813 2313 iacta,
1836 2238 1888 2319 qui
1911 2239 2065 2319 respiciat,
2098 2238 2227 2301 dubium

629 2371 733 2454 possit,
766 2375 866 2430 utrum
888 2361 1010 2424 lamella
1040 2351 1117 2423 ossis
1145 2373 1278 2422 extremo
1301 2380 1426 2448 prorsus
1455 2367 1591 2423 emortua
1613 2359 1664 2435 sit,
1694 2379 1732 2420 an
1762 2359 1834 2422 setis
1866 2359 1963 2421 adlruc
1993 2361 2052 2441 ipsi
2082 2361 2228 2422 inhaereat

628 2500 716 2571 sitae,
738 2499 772 2555 ut
795 2489 912 2551 actione
933 2505 1075 2548 vasorum
1099 2482 1317 2546 resorbeutiunr
1340 2455 1452 2548 aniani
1474 2489 1571 2564 queat.
1617 2483 1732 2546 Varum
1756 2483 1943 2563 vcorriperetis
1972 2483 2228 2550 observationibus

630 2621 733 2696 tribus,
755 2635 774 2678 a
795 2609 961 2691 Ruysch,
983 2607 1231 2688 Lapeyronie
1254 2614 1284 2667 et
1305 2605 1505 2668 Rouhault
1527 2605 1773 2680 communicetis,
1797 2621 1922 2687 quarum
1946 2607 1976 2666 in
1999 2625 2060 2667 una
2083 2607 2162 2668 ossis
2182 2623 2229 2668 sn-

631 2741 768 2826 perficies
791 2756 846 2818 per
868 2753 950 2810 sex,
974 2733 1003 2793 in
1027 2732 1121 2793 altera
1143 2749 1200 2810 per
1220 2748 1353 2792 uovern
1376 2747 1524 2792 merrses
1547 2729 1642 2804 sicca,
1672 2728 1758 2808 nigro
1780 2729 1921 2812 ornuiqua
1944 2729 2004 2790 vita
2027 2749 2134 2792 careres
2162 2749 2229 2792 cou-

629 2864 824 2948 spiciebatur,
846 2873 883 2920 eo
903 2856 997 2918 nihilo
1020 2861 1120 2918 aaran
1136 2853 1240 2915 -roinus
1263 2853 1383 2914 tandein
1407 2851 1511 2914 cadero
1534 2852 1748 2932 phaenomena,
1771 2871 1849 2933 quoa
1871 2871 1889 2912 a
1911 2853 2047 2914 Tenon
2072 2861 2229 2913 memorate

631 2997 710 3064 suut,
744 2981 942 3065 apparabant,
975 2997 1038 3040 uon
1072 2995 1233 3056 possurnus
1263 2975 1334 3056 quin
1364 2973 1506 3036 laminam
1535 2993 1655 3036 osseam
1683 2973 1852 3054 superficiei
1887 2974 2064 3038 insidentem
2098 2993 2230 3038 revera

632 3115 846 3173 emortuom
869 3107 958 3182 atque
981 3098 1224 3162 necroticarn
1246 3115 1313 3160 essa
1336 3097 1503 3163 credamus.
1548 3097 1650 3160 Vitam
1671 3096 1741 3162 huic
1765 3104 1873 3176 postea
1892 3117 1954 3160 nou
1979 3096 2094 3164 restitui
2127 3099 2231 3180 dequo

634 3228 738 3295 circuli
761 3223 841 3288 illius
864 3220 1022 3284 rubicundi
1045 3220 1254 3282 formationem
1277 3225 1419 3300 reputans
1442 3219 1541 3299 primo
1564 3219 1697 3298 cogitare
1719 3220 1828 3299 possis,
1851 3219 1938 3280 iooile
1961 3221 2232 3301 primariusorigo

635 3351 804 3417 accuratius
826 3346 947 3426 cognita
969 3345 1168 3415 demonstrat;
1198 3341 1297 3424 itaque
1327 3342 1404 3404 duae
1427 3341 1619 3404 solummodo
1649 3342 1780 3404 rationes
1808 3339 1930 3406 relictae
1958 3350 2028 3406 sunt
2059 3343 2232 3424 explicandi,

636 3472 790 3560 quomodo
813 3468 965 3548 dispareat
986 3466 1097 3528 lemna
1119 3471 1270 3526 emanue:
1305 3474 1448 3525 eutearu
1472 3465 1623 3528 resorberi
1644 3464 1827 3526 credendum
1850 3474 1910 3540 est,
1939 3473 1991 3526 eut
2007 3465 2232 3528 oriolietionaur

636 3619 742 3664 revera
764 3595 843 3682 lieri,
859 3591 901 3653 ita
922 3609 995 3651 vero
1019 3587 1142 3668 exiguos
1166 3604 1232 3648 csse
1253 3585 1417 3668 particulas
1439 3587 1629 3663 secedentes,
1658 3594 1691 3649 ut
1721 3587 1880 3649 oculorum
1909 3589 2003 3652 aciem
2034 3579 2162 3668 prorsus
2190 3589 2234 3650 t'u-

629 3726 719 3806 piant
742 3715 914 3804 (alsinda
937 3711 1143 3786 insensibilis).
1191 3710 1368 3774 Continatur
1388 3710 1474 3780 leaeo»
1487 3710 1622 3793 quaestio
1647 3709 1708 3775 ulia
1729 3710 1825 3791 magis
1836 3710 1978 3791 generali,
2000 3717 2101 3776 utrum
2113 3713 2233 3776 ouruiuo

634 3849 667 3910 in
689 3840 864 3926 separandis
876 3837 1010 3919 partibus
1023 3835 1136 3898 ossium
1159 3833 1303 3895 emortus
1326 3833 1440 3896 etiam
1463 3851 1508 3896 ex
1531 3841 1709 3897 'emortuo
1731 3833 1982 3913 resorptione
2005 3832 2156 3929 aliquid
2180 3853 2236 3896 au-

637 3971 806 4038 iarotur,
834 3980 874 4030 an
896 3961 997 4039 potius
1024 3960 1061 4020 iu
1084 3958 1193 4022 solis
1218 3955 1401 4036 partibus
1424 3958 1529 4033 vivis
1552 3955 1755 4046 resorptio
1778 3955 2032 4040 perficiamu
2062 3975 2121 4040 qua
2144 3957 2181 4033 de
2205 3976 2237 4019 re

616 4102 782 4177 perquam
806 4081 984 4144 dissentiunt
1005 4079 1186 4158 scriptorum
1209 4079 1377 4158 opiniones.
1418 4080 1485 4140 lice
1506 4078 1665 4159 Scorpo,
1687 4080 1892 4154 Bannertlr,
1914 4079 1989 4166 illud
2003 4079 2237 4154 Weidurenn,

638 4209 784 4290 Himly,
806 4203 941 4280 Ribes,
971 4198 1145 4282 Meding,
1173 4197 1446 4286 Cruveilhier,
1475 4197 1560 4262 multi
1584 4196 1634 4264 alii
1657 4199 1836 4278 detendunt,
1868 4179 1964 4300 atque
1981 4201 2139 4264 Kartum
2163 4201 2236 4263 adeo

640 4359 961 4383 W

639 4529 733 4581 eadem
751 4527 780 4573 iu
798 4521 864 4585 pade
883 4523 956 4568 cauis
974 4527 1116 4583 amputata,
1135 4519 1277 4580 inuitisque
1296 4518 1356 4566 eliis
1375 4520 1403 4568 iu
1422 4520 1618 4584 experimentis,
1635 4520 1670 4567 ed
1689 4522 1888 4573 examinandam
1897 4521 2051 4584 methodo·
2071 4521 2236 4570 Bellortii

640 4615 782 4670 iustitutirr
802 4627 817 4659 e
836 4607 1000 4658 iorumlnullr
1019 4607 1120 4655 terebra
1139 4607 1433 4668 tersurus-autrannus·
1442 4609 1624 4671 prosiliebant,
1643 4623 1711 4670 quse
1729 4609 1831 4660 euuulo
1849 4609 2118 4658 rulrieundo'elsetee
2138 4609 2236 4674 peulla-

609 4689 689 4754 *um
708 4699 892 4751 renereebent
909 4695 1067 4757 usumque
1084 4695 1266 4754 conductarum
1284 4695 1356 4742 ister
1369 4711 1431 4757 eea,
1449 4698 1603 4759 priusquam
1619 4698 1733 4748 laterna
1752 4695 1910 4760 eoujueetu
1928 4705 2016 4759 erent,
2034 4706 2108 4747 certe
2124 4697 2238 4761 praedm

638 4802 756 4854 ternpore
774 4789 876 4836 lamine
894 4785 995 4845 tenuis,
1014 4782 1124 4846 specillo
1142 4783 1267 4846 inpresso
1286 4783 1397 4846 meur,
1408 4783 1676 4847 deprehendebatur,
1695 4802 1765 4848 quae
1782 4785 1994 4838 scommatibus
2013 4787 2239 4847 ‘mediationibus

640 4877 828 4934 moueatur,
853 4883 911 4938 port
934 4872 1139 4922 nocentiorem
1151 4872 1296 4934 ¹margines
1313 4871 1532 4923 iuniunlenrur
1559 4871 1646 4924 obtul
1671 4879 1795 4938 totusque
1819 4875 1874 4924 leri
1892 4873 2022 4924 &nudati
2038 4875 2168 4926 ώσιιίωι
2185 4889 2242 4925 ero·

641 4981 685 5018 aaa
704 4963 850 5030 apparebat.
868 4985 905 5000 -
978 4993 981 5001 ·
1281 4965 1283 4971 '
