4768 5894
1377 569 1458 646 alt

619 749 746 847 esum
778 780 938 846 meeber
960 778 1036 868 (1),
1068 785 1160 864 oque
1195 779 1354 863 Meding
1375 777 1435 868 (a)
1469 785 1500 846 a
1528 779 1695 846 sorsum
1716 757 1769 860 (a)
1800 779 2013 864 cammarus
2050 778 2131 846 mem
2161 779 2233 844 sur

619 913 848 990 pemnaserunt.
1749 970 1753 978 ,

781 1030 829 1094 Ab
861 1029 955 1094 altera
975 1035 1062 1113 parte
1079 999 1145 1111 lam
1166 1031 1272 1093 Brun
1294 1027 1346 1108 (l)
1369 1030 1411 1092 ita
1431 1029 1606 1113 proposuit,
1627 1029 1659 1092 in
1680 1029 1817 1108 necrosi,
1845 1027 1883 1093 de
1905 1048 1966 1113 qua
1987 1028 2119 1111 agimus,
2148 1029 2228 1095 iuti-

621 1175 687 1220 mas
709 1161 823 1219 tautum
843 1153 981 1218 lamellas
1004 1155 1082 1220 ossis
1105 1155 1217 1236 emori;
1246 1173 1309 1238 qno
1330 1155 1411 1218 lacto
1433 1154 1590 1232 humores,
1619 1154 1760 1237 quoniam
1783 1153 1952 1237 inputem
1974 1159 2144 1218 emortuam
2163 1173 2225 1236 pe-

620 1286 740 1344 netrare
761 1299 825 1344 non
847 1280 976 1362 amplius
996 1286 1131 1362 possent,
1155 1279 1278 1360 congeri
1299 1279 1331 1341 in
1353 1298 1398 1356 ea,
1420 1297 1498 1362 quae
1519 1278 1590 1340 viva
1611 1277 1763 1358 manserit,
1784 1277 1916 1361 indeque
1934 1277 2001 1340 lieri
2021 1296 2087 1341 nou
2117 1296 2224 1360 posse,

621 1404 694 1488 quin
715 1404 979 1487 praeternaturalis
1002 1403 1066 1486 illa,
1088 1423 1166 1488 quae
1188 1403 1391 1467 exostosis
1413 1402 1613 1484 generalis
1635 1407 1868 1484 nuncuparetur,
1891 1401 1969 1466 ossis
1992 1402 2134 1466 existeret
2155 1423 2222 1468 am·

620 1529 776 1612 plilicatio.
819 1527 855 1602 ld
875 1529 1104 1591 Weidmann
1127 1525 1180 1610 (5)
1203 1527 1411 1609 comprobavit
1439 1533 1469 1590 et
1491 1525 1636 1608 exemplis
1659 1525 1865 1602 confirmavita
1895 1525 1948 1610 qui
1969 1525 2010 1588 de
2029 1545 2069 1589 eo
2090 1523 2219 1610 quidem,

621 1653 648 1718 ai
669 1673 727 1736 per
747 1659 841 1718 totam
863 1652 1028 1715 crassitiem
1050 1672 1086 1715 os
1108 1651 1231 1734 aliquod
1254 1653 1426 1729 emoriatur,
1448 1653 1608 1732 Trojae,
1630 1649 1944 1729 Blnmenbacbii,
1967 1648 2123 1714 lloeleri
2145 1669 2216 1716 sen·

620 1777 744 1840 tentiam
765 1776 892 1858 probat,
923 1776 969 1839 sin
991 1795 1065 1839 vero
1086 1775 1222 1838 necrosis
1244 1776 1276 1838 in
1297 1776 1414 1838 iuterna
1436 1775 1515 1839 ossis
1536 1774 1658 1838 lamella
1678 1773 1882 1853 contineatur,
1912 1773 2042 1837 emolliri
2061 1774 2213 1838 contendit

622 1907 776 1964 externam
812 1907 843 1963 et
869 1900 1033 1980 tumelieri,
1062 1899 1195 1983 novique
1224 1900 1302 1964 ossis
1330 1899 1462 1982 speciem
1490 1898 1632 1963 nancisci.
1677 1900 1766 1962 llanc
1784 1897 1883 1980 legem
1904 1897 2055 1981 Scarpa
2075 1897 2124 1981 (o)
2143 1905 2211 1964 tan·

622 2044 714 2108 quam
735 2025 853 2088 rmicam
876 2031 907 2086 et
927 2031 1103 2106 perpetuam
1124 2024 1299 2106 proposuita
1323 2023 1405 2109 quod
1426 2043 1484 2107 pro
1506 2043 1588 2088 novo
1613 2041 1683 2086 osse
1703 2023 1799 2104 vulgo
1820 2021 1980 2101 habeatur,
2002 2021 2048 2086 nil
2070 2043 2138 2088 esse
2155 2024 2214 2087 nisi

621 2149 764 2212 corticem
774 2157 905 2212 veterem
918 2167 1083 2232 expansum
1097 2153 1127 2210 et
1138 2148 1286 2224 laxatum3
1304 2149 1386 2211 bunc
1398 2167 1507 2228 magno
1519 2147 1588 2212 nisu
1604 2146 1750 2230 providae
1762 2153 1888 2210 naturae
1897 2147 2030 2231 undique
2040 2147 2216 2240 amplificari

620 2280 651 2335 et
679 2273 876 2354 spongiosum
906 2272 985 2350 lieri,
1015 2279 1105 2354 atque
1126 2272 1206 2334 intus
1227 2279 1401 2353 porrectam
1422 2269 1580 2334 meditullii
1598 2273 1749 2351 jacturam
1770 2271 1912 2350 reficere,
1941 2277 2028 2335 extus
2050 2279 2215 2336 tumentem

620 2397 751 2480 parietes
774 2397 838 2459 tubi
867 2395 948 2458 ossei
977 2414 1103 2477 augere;
1131 2395 1201 2458 binc
1227 2394 1321 2458 veluti
1349 2395 1459 2475 vagina
1487 2394 1616 2477 quadam
1638 2413 1675 2458 os
1703 2401 1872 2458 emortuum
1901 2395 2112 2474 circumcludi,
2139 2415 2216 2482 qnae

621 2520 660 2582 ab
682 2520 769 2583 initio
790 2519 969 2602 spongiosa,
990 2517 1108 2595 mollis,
1136 2517 1262 2598 flexilis,
1290 2519 1437 2600 susceptis
1459 2517 1615 2601 paullatim
1635 2517 1772 2600 partibus
1794 2519 1899 2582 terreis
1932 2519 2115 2584 obdurescat
2136 2521 2216 2584 saui-

620 2643 811 2728 qnetandem
833 2643 911 2706 ossis
933 2641 1155 2705 simillimatiat.
1188 2641 1271 2704 llaec
1293 2641 1455 2724 Scarpa,
1475 2663 1568 2727 quum
1586 2645 1651 2724 jam
1669 2643 1826 2724 inpriore
1848 2645 2062 2709 commentur'o
2077 2643 2116 2708 de
2138 2645 2215 2710 ossi-

619 2767 686 2845 bus,
710 2773 806 2844 (anno
834 2765 919 2829 1799
943 2766 1048 2842 edito),
1069 2765 1154 2830 nisus
1175 2767 1304 2828 maxime
1326 2766 1531 2848 experimento
1554 2767 1685 2850 quodam
1707 2767 1738 2830 in
1761 2767 1862 2834 catillo
1883 2769 1978 2848 lacto,
1998 2770 2214 2852 proposuisset

618 2897 682 2954 tum
711 2890 833 2954 uberius
856 2890 996 2972 exposuit
1018 2897 1048 2952 et
1077 2888 1217 2971 pluribus
1245 2891 1456 2973 experimentis
1481 2892 1661 2954 confirmare
1683 2891 1797 2955 studuit
1817 2892 1850 2956 in
1872 2891 1968 2957 altero
1990 2895 2210 2972 commentario,

619 3015 769 3098 simulque
791 3015 997 3078 demonstrare
1020 3021 1147 3077 conaus
1169 3021 1229 3092 est,
1255 3015 1282 3077 si
1305 3014 1387 3098 qnod
1409 3035 1446 3078 os
1468 3035 1524 3096 per
1553 3022 1647 3080 totam
1669 3015 1834 3078 crassitiem
1855 3023 2024 3080 emortuum
2047 3017 2101 3098 sit,
2131 3037 2206 3101 rege-

617 3139 804 3202 nerationem
831 3139 959 3202 existere
987 3137 1111 3201 nullam.
1162 3139 1231 3218 Ego
1258 3139 1284 3201 si
1316 3139 1388 3222 qnid
1416 3139 1522 3218 video,
1550 3139 1609 3203 hoc
1638 3139 1801 3222 praecipue
1823 3140 1970 3224 Scarpa
1991 3144 2154 3224 spectavit,
2177 3149 2209 3206 nt

619 3263 733 3326 ossium
754 3263 1011 3344 regenerationem
1034 3281 1073 3324 ex
1094 3263 1161 3343 ipso
1185 3281 1255 3325 osse
1277 3269 1307 3325 et
1329 3283 1368 3326 ex
1388 3263 1447 3326 hoc
1468 3262 1537 3327 solo
1560 3263 1626 3326 lieri
1649 3262 1881 3344 demonstraret,
1902 3265 1935 3328 id
1956 3266 2039 3349 quod
2057 3269 2124 3347 jam
2145 3275 2213 3330 aute

618 3405 688 3448 eum
715 3387 803 3448 etiam
831 3387 973 3450 Russel
996 3386 1048 3462 (7)
1079 3385 1282 3449 contenderat.
1334 3387 1526 3468 Cognoverat
1555 3388 1634 3450 euim
1661 3387 1709 3450 vir
1738 3389 1875 3470 egregius
1905 3389 2104 3473 disquirendis
2134 3391 2213 3455 telae

618 3531 725 3576 osseae
747 3517 897 3575 structura
919 3519 948 3573 et
970 3510 1099 3586 morbis,
1128 3530 1191 3572 non
1213 3517 1273 3572 tam
1297 3511 1437 3586 inertem,
1464 3529 1556 3592 qnam
1578 3531 1597 3572 a
1617 3511 1770 3595 plerisque
1791 3513 1846 3575 illo
1868 3521 2005 3595 tempore
2027 3514 2212 3594 credebatur,

616 3637 695 3698 bano
716 3635 806 3698 telam
828 3655 905 3716 esse,
927 3653 1026 3718 neque
1047 3653 1115 3697 eam
1136 3634 1215 3696 iuter
1236 3653 1272 3696 os
1295 3641 1326 3695 et
1345 3634 1529 3716 pen'oateum
1550 3634 1734 3700 intercedere
1755 3637 1911 3717 rationem,
1933 3657 2010 3720 qnae
2032 3639 2102 3704 inde
2123 3659 2142 3702 a
2163 3639 2212 3704 du

616 3759 749 3824 llamel
776 3761 891 3824 cunctis
920 3761 985 3822 tere
1012 3759 1160 3822 interesse
1187 3758 1254 3822 visa
1281 3759 1387 3821 linerat.
1438 3763 1525 3841 Quae
1546 3761 1737 3842 quantumvis
1758 3781 1831 3825 vera
1852 3781 1919 3826 esse
1941 3771 2121 3845 appareant,
2149 3763 2210 3828 lar-

519 3891 531 3918 *
615 3885 758 3964 gieudum
779 3891 893 3960 umen,
915 3883 998 3965 quod
1022 3883 1182 3964 Meding
1204 3881 1258 3964 (8)
1279 3883 1411 3960 monuit,
1432 3883 1531 3946 virum
1553 3884 1623 3949 cell.
1645 3892 1708 3948 tum
1729 3885 1805 3964 illis,
1825 3905 1905 3968 quae
1927 3885 2137 3952 destructura
2160 3909 2211 3954 os·

616 4006 695 4070 sium
716 4005 873 4088 reticulata
893 4011 923 4068 et
946 4005 1092 4068 cellnlosa
1114 4006 1267 4083 sentiebat,
1290 4025 1426 4089 quaeque
1437 4025 1500 4069 non
1511 4008 1553 4069 ita
1564 4027 1631 4072 esse
1653 4010 1856 4074 recentiorum
1878 4001 2134 4094 disquisitionibus
2156 4014 2210 4077 de-

616 4137 812 4193 monstratum
835 4136 888 4207 est,
910 4136 972 4192 tum
996 4148 1042 4206 eo,
1066 4128 1148 4212 quod
1170 4129 1300 4192 relaxari
1321 4131 1436 4194 morbis
1457 4131 1535 4193 banc
1556 4132 1646 4196 telam
1668 4132 1871 4212 observasset,
1890 4137 1975 4216 justo
1997 4136 2118 4218 lougius
2139 4159 2210 4222 pas-

777 4391 818 4460 (1)
836 4397 993 4460 Mecbel,
1010 4399 1111 4463 laatbol.
1129 4399 1278 4461 Anatomic,
1295 4406 1358 4454 ton.
1377 4399 1414 4456 11.
1432 4409 1496 4456 aeci.
1515 4401 1551 4453 ll.
1570 4418 1597 4464 p.
1616 4399 1659 4450 12.

776 4479 817 4550 (2)
834 4482 985 4548 Medang,
1003 4487 1031 4534 in
1050 4490 1182 4550 ephemer.
1201 4489 1245 4542 cit.
1265 4495 1326 4540 torn.
1347 4487 1399 4540 111.
1417 4505 1441 4552 p.
1459 4487 1523 4541 354.
1541 4505 1580 4552 sq.

778 4571 818 4638 (3)
836 4572 994 4634 Kortum,
1012 4574 1032 4627 l.
1052 4591 1075 4628 c.
1094 4592 1118 4638 p.
1138 4575 1182 4630 2⁵.

776 4658 817 4726 (4)
836 4662 940 4722 lirun,
959 4659 1037 4714 me'm.
1056 4663 1088 4711 de
1106 4661 1197 4716 laced.
1216 4681 1271 4730 roy.
1290 4665 1323 4715 de
1341 4665 1441 4722 mddec.
1461 4664 1542 4713 ram.
1561 4663 1641 4719 lttl.

775 4748 818 4819 (5)
835 4750 1054 4812 Weidnrann,
1071 4751 1090 4800 l.
1110 4767 1133 4805 c.
1151 4767 1177 4814 p.
1195 4752 1239 4818 ³1,
1257 4751 1302 4808 32.

776 4836 818 4904 (b)
836 4837 982 4903 scarpo,
1000 4839 1021 4893 l.
1038 4854 1061 4892 c.
1080 4849 1220 4896 commeat.
1239 4842 1260 4891 l.
1278 4857 1303 4905 p.
1323 4839 1367 4903 26,
1386 4843 1430 4890 20.
1447 4849 1579 4891 comment
1596 4843 1632 4893 11.
1650 4859 1677 4909 p.
1696 4842 1742 4896 51.
1760 4861 1816 4910 sqq.

776 4921 819 4994 (l)
838 4928 981 4990 ltnsael,
999 4929 1122 4992 praelical
1143 4943 1216 4993 essay
1233 4947 1268 4979 on
1286 4946 1302 4979 a
1320 4931 1420 4980 cancia
1446 4931 1547 4980 drame
1563 4933 1593 4982 ol
1607 4933 1704 4998 boner,
1729 4935 1829 4986 remed
1847 4941 1969 4994 necroala.
1997 4937 2094 4998 Bdlnb.
2124 4941 2203 4996 ΠΜ.

776 5009 819 5082 (Β)
838 5015 990 5078 mering,
1009 5017 1111 5076 epham.
1129 5017 1203 5072 land.
1220 5035 1248 5082 p.
1265 5017 1328 5068 828.

2374 709 2376 804 l
