4784 5894
1393 525 1447 602 98

783 738 950 801 Exostoses
972 715 1005 798 in
1026 735 1164 799 omnibus
1186 734 1326 816 corporis
1349 733 1470 798 ossibus
1499 734 1679 798 observatae
1702 740 1788 811 suut,
1810 740 1871 795 tam
1893 733 1925 796 in
1946 732 2122 815 spongiosis
2149 751 2250 816 quana

622 863 654 925 in
678 862 851 944 compactis,
872 861 1045 942 saepissime
1066 878 1141 922 vero
1164 859 1195 921 in
1218 857 1337 921 ossibus
1360 857 1463 934 cranii,
1484 858 1517 920 in
1539 857 1663 920 maxilla
1684 857 1826 920 interiore
1848 863 1880 920 et
1901 857 2063 920 inossibus
2086 857 2248 918 extrenu-

623 993 717 1049 tatum
739 985 930 1060 inferiorum,
964 1003 1000 1045 ac
1026 983 1057 1044 in
1080 983 1194 1045 femore
1217 981 1336 1064 quidem
1359 982 1488 1044 maxime
1511 1001 1549 1045 co
1577 982 1665 1058 loco,
1699 982 1748 1043 oui
1770 979 1912 1044 inseritur
1934 1001 2029 1044 muso.
2052 980 2187 1062 triceps,
2213 979 2248 1041 in

624 1109 783 1191 superficie
805 1107 954 1170 anteriore
977 1107 1074 1184 tibiae,
1096 1105 1149 1167 ubi
1171 1125 1247 1168 msc.
1267 1105 1386 1186 gracilis
1410 1112 1440 1167 et
1461 1105 1608 1168 sartorius
1631 1111 1844 1181 annectuntur,
1877 1111 1966 1186 atque
1988 1104 2018 1165 in
2040 1105 2181 1166 humero
2207 1121 2249 1163 eo

623 1231 704 1308 loco,
725 1233 775 1294 cui
796 1231 936 1294 inseritur
957 1251 1052 1294 musc.
1076 1229 1223 1292 deltoides
1246 1227 1313 1314 (l).

783 1356 823 1416 Ut
851 1354 1012 1436 plurimum
1041 1374 1109 1415 cum
1139 1353 1274 1414 exostosi
1307 1359 1430 1412 externa
1459 1351 1548 1412 simul
1578 1352 1695 1413 interna
1724 1351 1823 1424 adest;
1857 1349 1945 1413 tubus
1979 1348 2163 1434 medullaris
2196 1348 2246 1412 vel

624 1483 689 1540 toto
712 1477 823 1540 ambitu
849 1477 898 1539 vel
920 1477 1039 1557 singulo
1063 1482 1177 1538 tantum
1199 1476 1270 1537 loco
1292 1474 1415 1536 materie
1437 1494 1526 1536 ossea
1548 1474 1612 1536 sive
1636 1474 1784 1536 cellulosa
1806 1473 1872 1536 sive
1896 1473 2045 1536 eburneae
2067 1473 2248 1546 densitatis,

625 1602 758 1682 repletur
780 1599 846 1682 (2);
870 1607 967 1682 atque,
990 1599 1072 1682 quod
1093 1607 1124 1660 ct
1146 1599 1245 1680 ipstrrn
1267 1599 1326 1660 huc
1348 1597 1533 1678 perductet
1555 1597 1705 1661 exustosis
1721 1596 1791 1658 ossi
1826 1597 1993 1677 spongioso
2015 1596 2146 1674 insidet,
2180 1595 2247 1658 cel·

624 1723 673 1785 lae
695 1725 831 1803 ejusdem
854 1723 932 1785 ossis
954 1724 1085 1784 minores
1109 1729 1194 1797 suut,
1224 1721 1284 1782 tela
1312 1721 1447 1799 densior,
1479 1719 1629 1782 interdum
1652 1721 1793 1782 eburnea
1850 1719 1968 1781 Accidit
2003 1727 2102 1782 tamon
2137 1720 2245 1795 etiam,

626 1855 700 1910 teste
724 1847 887 1928 Cloquct
908 1845 978 1926 (3),
1006 1851 1040 1906 ut
1062 1847 1158 1906 lemur
1180 1851 1245 1906 toto
1268 1844 1379 1906 ambitu
1407 1845 1540 1906 exostosi
1569 1843 1721 1924 cingatur,
1755 1861 1853 1926 neque
1881 1851 1981 1906 tamen
2009 1863 2078 1923 pars
2106 1843 2245 1904 interior

627 1970 705 2032 ossis
727 1969 792 2032 ullo
814 1969 906 2031 modo
930 1960 1141 2040 cdmnautctur3
1164 1967 1415 2048 quemadmodum
1437 1967 1526 2030 etiam
1548 1968 1653 2052 evenit,
1676 1979 1709 2030 ut
1732 1971 1794 2030 lero
1824 1973 1920 2030 totum
1950 1967 2054 2028 tubum
2082 1966 2243 2028 medulla-

626 2113 698 2168 rem,
719 2093 872 2154 immutata
893 2091 1062 2170 superficie,
1086 2091 1146 2151 tela
1168 2109 1257 2152 ossea
1279 2090 1399 2152 duritiei
1421 2090 1570 2152 eburneae
1593 2091 1741 2170 repletum
1764 2090 1965 2172 reperiamus3
1994 2090 2073 2153 idem
2101 2090 2171 2154 duo
2196 2091 2242 2150 al·

626 2217 684 2277 lert
705 2215 844 2295 exempla
865 2213 928 2275 tubi
951 2213 1124 2276 medullaris
1144 2213 1264 2294 singulo
1287 2219 1401 2274 tantum
1423 2213 1495 2276 loco
1519 2214 1653 2276 exostosi
1676 2214 1793 2276 interna
1814 2234 1942 2295 prorsus
1966 2213 2125 2276 obliterati.

786 2339 950 2399 Exostoses
972 2335 1121 2412 internae,
1156 2337 1194 2397 ad
1224 2337 1369 2398 medicam
1397 2337 1545 2398 rationem
1566 2343 1708 2398 revocata
1730 2357 1781 2414 rc,
1815 2337 1915 2418 exigui
1945 2343 2059 2399 tautum
2088 2337 2240 2400 momenti

627 2469 712 2536 sunt;
734 2461 849 2522 nullam
871 2461 952 2522 enim
974 2459 1157 2522 functionem
1180 2459 1243 2521 sive
1266 2459 1343 2521 ossis
1366 2459 1430 2520 sive
1453 2458 1530 2521 alius
1564 2435 1749 2541 cujusquam.
1772 2461 1877 2540 organi
1908 2461 2070 2523 admodum
2103 2461 2240 2534 turbant,

627 2606 683 2652 nec
705 2585 763 2648 nisi
784 2585 919 2666 pondere
942 2583 1036 2664 partis
1059 2591 1147 2644 aucto
1171 2581 1314 2647 molestae
1337 2582 1403 2644 fieri
1424 2587 1566 2662 possunt;
1594 2601 1652 2644 nec
1682 2583 1780 2649 minus
1811 2590 1967 2648 exostoses
1996 2591 2155 2648 externam
2186 2603 2238 2646 su-

626 2709 778 2792 perficiem
801 2707 973 2772 obsidentes
993 2727 1050 2791 per
1072 2726 1105 2768 sc
1128 2706 1249 2788 quidem
1271 2706 1544 2770 insontissimorum
1572 2715 1643 2770 sunt
1665 2707 1853 2784 morborum
1887 2709 2138 2786 inflammatione,
2176 2727 2238 2790 qam

627 2832 749 2894 edoctae
773 2839 851 2908 suut,
874 2833 1027 2906 exstincta,
1049 2851 1104 2912 per
1126 2837 1220 2892 totam
1241 2830 1332 2892 vitam
1354 2829 1525 2894 immutatae
1547 2844 1682 2909 manent,
1705 2831 1769 2910 vel,
1791 2831 1818 2896 si
1840 2832 2029 2912 dyscrasicac
2051 2838 2123 2894 sunt
2146 2831 2237 2894 indo-

626 2956 672 3034 tte,
694 2964 801 3037 postea
823 2956 854 3018 in
877 2955 987 3018 cariem
1010 2955 1126 3030 abeunt,
1148 2954 1205 3028 vcl,
1227 2953 1259 3015 id
1281 2954 1364 3036 quod
1382 2973 1452 3016 raro
1476 2955 1522 3032 fit,
1552 2956 1739 3020 emorirmtur
1767 2962 1797 3018 ct
1825 2956 1906 3020 ultro
1933 2956 2043 3018 cedunt
2066 2954 2128 3038 (4).
2179 2955 2235 3016 Se·

627 3079 723 3160 quelis
745 3099 830 3153 vero,
853 3098 931 3158 quae
953 3095 1004 3138 eas
1026 3077 1238 3156 insequuntur,
1272 3096 1362 3157 quam
1384 3077 1512 3137 maxime
1534 3078 1694 3156 molestae,
1726 3079 1817 3140 immo
1847 3080 2039 3161 perniciosae
2068 3098 2137 3142 esso
2162 3097 2235 3159 pos·

628 3206 706 3276 sunt,
728 3199 836 3279 partim
858 3200 941 3279 quod
964 3199 1132 3260 deformant
1154 3205 1261 3278 partos,
1296 3219 1370 3279 quae
1405 3199 1544 3262 obsident
1567 3199 1636 3282 (5),
1669 3201 1717 3264 vel
1740 3202 1875 3283 pondere
1897 3223 1972 3280 suo,
2006 3204 2114 3285 partim
2152 3200 2236 3286 quod

629 3399 947 3420 mm

789 3537 829 3602 (l)
850 3539 984 3600 Cooper
1003 3545 1027 3584 et
1046 3537 1207 3597 Trarers,
1225 3537 1245 3587 l.
1265 3551 1288 3588 c.
1307 3551 1332 3598 p.
1352 3534 1414 3587 522.

787 3626 828 3688 (2)
847 3627 987 3690 liuyacb
1006 3623 1085 3686 (mus.
1105 3625 1271 3672 anat'l'beea
1289 3625 1335 3687 11,
1353 3627 1457 3687 reposit.
1478 3625 1520 3688 lv,
1538 3643 1564 3690 p.
1582 3627 1646 3690 99Jt
1664 3629 1711 3690 ,ira
1731 3643 1789 3678 osse
1809 3629 1888 3677 tibiae
1906 3627 2031 3690 utillum,
2049 3627 2152 3692 iuquit,
2180 3641 2233 3686 ,w

627 3717 855 3780 perinvitum,
888 3716 934 3764 red
953 3718 989 3763 ita
1009 3721 1170 3775 rurrapaclum
1190 3722 1215 3762 et
1233 3714 1329 3762 durum
1348 3730 1404 3762 esse
1423 3716 1528 3777 inveni,
1554 3723 1585 3764 ut
1602 3718 1757 3766 curiositatis
1776 3733 1836 3780 ergo
1854 3718 1955 3780 aliquot
1978 3717 2117 3766 manubria
2140 3733 2178 3767 ex
2200 3717 2234 3766 ita

626 3807 756 3854 conticere
774 3807 941 3853 carnea-rime.
971 3827 1006 3840 —
1042 3798 1143 3864 'froja
1163 3803 1314 3858 (Benlaaelat.
1334 3819 1359 3850 u.
1380 3803 1511 3852 l‘ersucbe
1529 3805 1575 3853 uta.
1594 3805 1620 3857 d.
1638 3805 1776 3868 Knoclren,
1795 3821 1819 3869 p.
1840 3804 1920 3866 122),
1943 3805 1997 3854 duo
2014 3804 2088 3854 affert
2106 3805 2229 3868 exempla

626 3901 773 3942 exortoreus
792 3895 872 3940 tibiae
891 3900 1027 3952 externae,
1053 3893 1097 3939 eui
1122 3891 1251 3940 cellulosa
1267 3891 1419 3939 eutulanus
1443 3870 1516 3941 ossea
1541 3893 1635 3942 tubum
1658 3895 1835 3943 medullarem
1858 3894 1962 3956 replens
1985 3893 2169 3955 respondebat.
2196 3915 2226 3926 -

627 3983 724 4042 Otto,
743 3980 924 4028 t'erzeiobnlss
943 3979 968 4024 d.
987 3986 1055 4031 auat.
1076 3979 1332 4038 Prtparateuramurl.
1353 3979 1398 4028 des
1416 3980 1477 4030 lon.
1496 3982 1765 4030 Maturate-lustinus
1785 3997 1819 4030 ru
1838 3982 1956 4036 Brerlau.
1976 3979 2055 4034 18²6.
2079 3981 2130 4035 No.
2148 3977 2223 4034 ³51⁰

626 4063 742 4120 4514.
762 4092 796 4102 -
815 4066 909 4114 Pitet
927 4062 1058 4129 (Bullatiu
1077 4065 1109 4112 de
1128 4066 1155 4112 la
1173 4081 1226 4120 soc.
1246 4066 1279 4113 de
1297 4065 1408 4129 medem,
1432 4081 1465 4114 an
1484 4067 1554 4114 Χ111
1572 4077 1599 4116 et
1616 4069 1689 4118 xiv.
1707 4087 1733 4132 p.
1751 4069 1827 4132 2242,
1845 4071 1874 4118 ln
1892 4071 1949 4118 riro
1966 4069 2057 4118 adulto
2075 4070 2131 4120 lere
2156 4078 2224 4120 totas

627 4156 746 4204 omnium
765 4157 861 4203 ossiauu
880 4155 1005 4201 cavitates
1023 4152 1118 4214 reperit
1139 4154 1190 4199 tela
1209 4154 1292 4201 solida
1310 4155 1475 4215 repta-taa-
1486 4156 1554 4207 conl.
1573 4155 1724 4219 stenkel,
1743 4159 1812 4220 patlr.
1829 4160 1904 4206 Anat.
1922 4157 2001 4212 ’1,11.
2022 4156 2076 4211 Set.
2086 4156 2108 4210 1.
2127 4172 2153 4221 p.
2164 4154 2227 4206 25⁰.

786 4238 829 4308 (3)
849 4243 1018 4303 cloquet,
1037 4241 1099 4288 dict.
1118 4239 1163 4287 des
1182 4253 1217 4291 sc.
1235 4241 1315 4302 mo'd.,
1336 4249 1381 4288 art
1401 4249 1529 4302 exostose,
1549 4258 1571 4304 p.
1590 4241 1653 4297 414.

786 4325 829 4398 (⁴1)
849 4332 970 4394 Boyer,
988 4328 1137 4389 Alabandlg.
1156 4329 1222 4376 tiber
1238 4329 1264 4382 d.
1283 4329 1349 4378 ebir.
1365 4329 1507 4394 liraulrbt,
1525 4346 1551 4380 a.
1569 4331 1595 4382 d.
1614 4332 1707 4384 Franz.
1727 4347 1753 4384 r.
1772 4332 1915 4395 Tortor,
1933 4333 1982 4386 lid.
2001 4329 2051 4388 111.
2069 4349 2096 4396 p,
2115 4331 2179 4390 554.
2194 4353 2228 4370 -·

628 4419 775 4482 Cloquet
792 4419 810 4468 l.
831 4435 852 4466 c.
874 4435 898 4480 p.
915 4416 976 4467 421.
996 4442 1032 4452 -
1050 4419 1129 4465 Otto
1148 4416 1259 4480 (patitui,
1278 4420 1352 4466 Anat.
1372 4434 1396 4481 p.
1417 4412 1483 4486 1⁵3)
1503 4427 1648 4468 exustosem
1666 4428 1793 4469 memorat
1810 4422 1962 4485 eburneam,
1978 4413 2161 4484 magnitudine
2180 4436 2226 4486 pu·

626 4507 679 4570 gui,
697 4522 765 4568 qraue
784 4507 854 4553 ultro
873 4520 887 4552 e
906 4520 971 4552 earo
990 4507 1059 4553 uaris
1079 4507 1141 4567 equi
1161 4507 1195 4552 ab
1214 4522 1270 4554 osae
1288 4514 1437 4555 recesserat.
2054 4539 2063 4566 ,

786 4587 829 4660 (5)
848 4593 883 4640 Ut
899 4593 928 4640 in
946 4594 1050 4640 coalitus
1068 4609 1085 4640 a
1102 4594 1198 4642 l'etlt
1214 4595 1348 4656 descriptis
1367 4594 1457 4658 (traitrl
1472 4595 1518 4644 des
1536 4595 1598 4644 mal.
1618 4595 1663 4642 des
1682 4611 1720 4658 oa,
1738 4597 1769 4650 ’1.
1789 4595 1868 4660 114.
1886 4593 1962 4660 θω),
1981 4607 2095 4659 quorum
2104 4597 2133 4646 ln
2141 4598 2223 4646 altam

625 4697 659 4730 ex
676 4697 733 4731 osae
752 4682 872 4746 parietalt
891 4681 1015 4729 exorturis
1028 4681 1184 4742 prosiluerat
1208 4683 1336 4745 eburnea,
1355 4697 1436 4732 cornu
1455 4684 1543 4748 magui
1562 4684 1676 4746 speciem
1694 4685 1823 4748 reterens,
1847 4685 1989 4734 altitudine
2007 4693 2121 4748 quattuor
2137 4685 2227 4747 digito·

625 4786 693 4829 rum,
712 4771 815 4820 ambitu
833 4771 862 4818 ln
882 4769 939 4818 basi
957 4769 1052 4830 digitos
1071 4776 1194 4832 cantuar,
1218 4771 1248 4818 in
1265 4773 1342 4832 apice
1360 4771 1425 4820 duos
1445 4771 1567 4832 expiem
1596 4771 1624 4822 ln
1642 4773 1724 4822 altero
1742 4774 1838 4824 similia
1858 4773 1996 4836 exostoais,
2021 4774 2129 4824 formam
2147 4787 2224 4821 cucu-

623 4860 702 4908 meris
720 4858 832 4910 malonia
850 4858 987 4920 exhibere,
1005 4858 1037 4905 ln
1053 4871 1110 4908 aare
1128 4863 1274 4920 temporum
1293 4860 1448 4923 exstiteram
1464 4859 1566 4908 interna
1584 4860 1684 4910 ossium
1703 4862 1786 4910 cranii
1804 4862 1953 4925 superficie·
1973 4877 2026 4912 aon
2044 4868 2144 4912 maula
2162 4865 2225 4912 eral-

622 4971 658 4986 ·-
676 4949 770 4996 llonu
789 4946 820 5014 (l,
839 4961 862 5001 c.
882 4962 907 5010 p.
925 4945 970 5000 88.
985 4946 1033 4994 No.
1053 4943 1166 5010 000111)
1185 4953 1264 5008 caput
1281 4948 1380 4996 cuiun
1397 4946 1511 4995 bominis
1531 4945 1616 4998 aalultl
1635 4957 1764 4998 memorat
1782 4950 1959 5012 cornigerum.
