4784 5894
970 549 1027 626 ot

194 759 260 838 tuit,
283 763 373 840 capue
394 757 566 822 sarmatius
587 757 747 842 &quisito
766 774 840 824 osse
860 777 1003 840 magnum
1024 758 1062 822 in.
1079 778 1117 822 eo
1140 777 1249 822 cauum
1270 764 1434 840 repermm·
1452 766 1515 838 est,
1543 767 1684 844 tauquam
1713 763 1812 843 nidus,

194 883 306 950 multas
328 883 486 966 bydntides
509 883 675 948 contuens.
721 886 952 965 Dupuytren
975 883 1034 970 (l)
1054 885 1148 948 semel
1170 883 1326 966 hydatides
1348 885 1462 948 intonit
1490 885 1522 946 in
1551 886 1651 948 merlio
1682 907 1813 969 corpore

194 1008 368 1083 vertebram
391 1008 467 1072 alias
490 1007 521 1070 in
543 1008 669 1071 humero
691 1009 749 1072 viri
772 1010 930 1088 cujusdam
954 1029 1005 1072 eas
1029 1009 1201 1072 observavit
1222 1010 1291 1072 sola
1312 1009 1520 1072 musculormn
1531 1011 1651 1072 actione
1667 1010 1812 1090 infracto3

193 1134 245 1218 qari
268 1153 361 1217 quum
374 1152 439 1214 *per
460 1141 576 1214 septena
596 1150 715 1196 menses
740 1133 968 1214 diligentissime
987 1141 1108 1196 curatus
1131 1134 1284 1226 nilrildsnr
1299 1135 1434 1196 renuitas
1457 1140 1550 1210 esset,
1580 1135 1811 1214 Dupuytren

196 1267 358 1339 unumque
381 1258 470 1320 linem
494 1259 642 1320 fracturae
665 1258 807 1332 resecuit;
836 1257 988 1320 denudato
1003 1243 1006 1249 ¹
1020 1259 1080 1320 line
1111 1258 1245 1320 inlerimi
1274 1259 1364 1324 tubus
1379 1258 1568 1322 ¹medullaris
1593 1257 1689 1320 tribus
1717 1259 1810 1339 parti

192 1383 251 1446 bus
283 1381 412 1463 amplior
439 1399 609 1462 magnaque
636 1382 668 1442 vi
696 1381 872 1462 hydatidum
895 1383 1032 1444 albarum
1052 1383 1293 1446 vesiculosarum
1314 1383 1469 1466 multaque
1492 1383 1655 1463 adipooerc
1676 1383 1811 1463 repletus

128 1491 138 1508 ⁶
196 1507 369 1588 apparebat.
426 1505 502 1568 Veri
532 1504 628 1568 simile
652 1512 705 1582 est,
727 1506 885 1587 hydatides
908 1519 942 1570 ut
963 1505 1097 1572 nemeae
1119 1514 1304 1588 spontaneae
1327 1527 1451 1570 cansam
1472 1508 1516 1572 sic
1538 1506 1693 1570 reunionis
1715 1507 1811 1589 impe·

196 1631 358 1694 dimentum
379 1630 482 1694 luisse.

364 1754 532 1835 Hydatides
553 1753 585 1814 in
608 1749 748 1823 casibus,
767 1763 843 1828 qnos
864 1746 915 1811 bic
937 1745 1036 1822 attuli,
1071 1746 1247 1810 observatas
1276 1748 1314 1810 ad
1344 1755 1473 1812 entozoa
1495 1751 1625 1832 cyatica,
1658 1759 1748 1836 atque
1771 1756 1810 1818 ad

194 1880 465 1944 eobinocoooorum
476 1875 677 1940 verisimiliter
689 1892 785 1953 genus
807 1871 983 1933 reserendas
1008 1890 1084 1948 esse,
1106 1871 1184 1935 nulli
1199 1872 1318 1935 videtur
1333 1873 1502 1952 subjectum
1525 1896 1592 1940 esse
1615 1877 1809 1954 dubitationi3

195 2004 295 2066 miuus
318 2009 398 2066 certe
421 2003 539 2066 definiri
561 2002 621 2064 boo
643 2003 744 2079 potest
768 1997 805 2056 de
828 1995 970 2075 cystibus,
995 2015 1070 2077 quas
1094 1995 1271 2076 Velpeau
1295 1995 1344 2075 (2)
1374 2005 1480 2078 quater
1506 2000 1539 2062 in
1569 2001 1695 2064 maxilla
1716 2022 1809 2084 supe.
1847 2065 1851 2076 ,

153 2201 157 2206 ¹
197 2128 278 2190 riore
300 2135 329 2190 et
350 2128 492 2190 interiore
515 2147 533 2186 a
555 2145 588 2188 se
612 2124 788 2186 observatas
811 2139 847 2180 ac
870 2119 1047 2200 plenamque
1070 2140 1140 2180 cum
1162 2121 1340 2182 corrosione
1364 2121 1497 2184 dentium
1521 2127 1701 2203 conjunctas
1716 2125 1809 2188 luisse

197 2252 280 2326 dicit;
303 2271 380 2334 quae
403 2252 434 2312 in
456 2251 529 2332 ipsis
554 2243 715 2330 puuctibus
738 2244 834 2309 osseis
858 2243 1033 2318 insidebant,
1057 2249 1146 2324 atque
1169 2244 1218 2304 vel
1241 2263 1379 2310 serosum
1402 2253 1433 2307 et
1454 2246 1611 2325 viscidum,
1633 2255 1668 2310 ut
1689 2249 1809 2327 ranula,
1921 2299 1923 2304 .

197 2377 388 2440 continebant
410 2375 535 2438 fluidum
557 2372 607 2434 vel
630 2370 791 2452 purulenta
816 2367 946 2448 quadam
966 2367 1091 2431 ureterie
1114 2367 1232 2446 repleta
1253 2375 1340 2430 eraut
1363 2366 1429 2454 (3).
1477 2370 1513 2432 ln
1545 2391 1618 2434 casu
1642 2391 1732 2454 quem
1754 2373 1809 2436 ob-

196 2502 327 2564 servavit
347 2499 494 2562 Andral
518 2497 579 2580 (l),
602 2516 639 2559 os
661 2492 839 2558 secundarie
862 2498 977 2556 tantum
999 2492 1136 2555 allectum
1160 2499 1237 2564 crat;
1261 2511 1300 2554 ex
1323 2499 1440 2556 tumore
1463 2495 1607 2576 scapulae
1634 2495 1808 2577 virieujus-

196 2625 267 2690 dein
289 2623 435 2686 insidente
457 2622 569 2686 multae
592 2619 802 2682 emittebantur
824 2615 997 2695 lrydctides;
1027 2623 1148 2679 mortuo
1172 2623 1313 2696 aegroto,
1343 2637 1453 2696 magna
1481 2619 1528 2682 vis
1552 2620 1730 2700 liydatidum
1760 2640 1808 2684 re·

194 2755 281 2831 perta
309 2754 355 2810 est
382 2749 414 2808 in
443 2749 525 2810 fossa
555 2743 765 2824 iniraspinata,
797 2759 873 2822 quae
906 2761 976 2801 cum
1006 2739 1101 2802 altero
1131 2741 1258 2819 cystium
1281 2759 1392 2804 acervo
1415 2743 1532 2804 fossam
1557 2744 1810 2826 subscapolarem

198 2873 356 2938 obsidente
380 2893 435 2952 per
457 2873 595 2934 foramen
617 2866 769 2948 seeprdae,
791 2864 949 2944 pressione
973 2869 1144 2943 perruptae,
1167 2863 1356 2924 cohaerebat.

356 2996 472 3058 Notum
495 3001 547 3074 est,
570 2991 736 3073 liydatides,
759 2989 906 3052 exstincta
928 3007 1033 3051 earum
1053 2986 1123 3064 vita,
1146 2986 1277 3048 calcaria
1299 3007 1390 3068 saepe
1413 2987 1589 3065 incrustari,
1621 2997 1710 3074 alque
1735 3013 1827 3056 oon-.

198 3121 357 3186 cremenb's
381 3119 547 3182 formandis
570 3137 674 3180 ansam
697 3117 779 3177 dare.
814 3112 965 3176 Fortassis
984 3111 1165 3192 exemplum,
1188 3111 1270 3191 quod
1292 3112 1529 3176 Bordenave
1552 3113 1605 3196 (5)
1640 3115 1811 3180 observavit
1889 3081 1897 3088 ¹

198 3253 365 3310 memoratu
379 3244 592 3324 dignissimum,
615 3243 672 3302 bac
694 3240 812 3302 ratione
834 3236 990 3318 explanari
1013 3235 1120 3316 possit.
1157 3235 1288 3300 Faber
1311 3236 1431 3318 quidam
1446 3237 1680 3318 aigatarius-‚anuo
1704 3241 1810 3304 aetatis

200 3370 342 3434 vicesimo
367 3369 524 3430 doloribus
550 3366 683 3426 dentium
706 3363 832 3424 multtum
855 3361 1059 3436 cruciabatur,
1090 3360 1199 3442 quibus
1229 3366 1300 3440 post
1330 3361 1454 3442 aliquod
1477 3371 1594 3443 tempus
1624 3363 1656 3424 in
1686 3365 1810 3426 maxilla

201 3495 347 3557 interiore
368 3492 578 3566 insidentibus,
613 3490 739 3568 exiguus
762 3488 793 3550 in
822 3488 881 3548 bac
901 3485 1055 3547 oriebatur
1083 3490 1199 3560 namur,
1227 3459 1288 3564 per
1313 3505 1410 3546 anuos
1441 3487 1668 3566 quatuordecim
1698 3489 1810 3550 sensim

200 3639 374 3680 accrescens
397 3635 590 3700 summosque
613 3613 736 3676 dolores
760 3613 901 3687 excitans,
926 3610 977 3691 qui
1000 3608 1031 3668 in
1054 3606 1148 3669 latere
1172 3627 1248 3670 cavo
1272 3609 1333 3671 oris
1358 3609 1488 3671 obverso
1512 3611 1715 3674 flrrcmationis
1738 3631 1808 3674 seu-

201 3763 269 3811 sam
300 3744 456 3809 etinhebat
490 3748 578 3822 atque
606 3738 719 3800 incisus
748 3735 873 3798 fluidum
903 3732 1098 3812 purulentum
1132 3731 1298 3806 emittebat;
1333 3733 1426 3796 latere
1457 3741 1583 3796 externo
1607 3743 1690 3796 tactu
1713 3735 1807 3798 durus
1906 3747 1908 3753 “

201 3873 273 3946 eret,
303 3874 392 3952 atque
414 3865 540 3947 specillo
563 3863 697 3922 immisso
718 3860 751 3920 in
773 3857 873 3918 medio
896 3855 1005 3915 durum
1030 3853 1153 3934 aliquod
1176 3873 1287 3933 corpus
1316 3854 1546 3933 percipiebatur.
1598 3855 1728 3919 Mortuo
1759 3876 1809 3918 ae·

362 4115 402 4182 (1)
412 4091 495 4166 'cont
513 4112 717 4174 alternatis,
735 4109 812 4158 natu
831 4109 858 4158 ι.
877 4107 974 4170 uyur.
993 4105 1335 4156 inremuneratus
1353 4106 1482 4158 murem.
1501 4106 1625 4170 numae,
1653 4109 1721 4156 meu
1740 4109 1819 4162 ne,

201 4216 349 4272 proptrea
367 4208 411 4254 iu.-
429 4205 540 4254 Journal
559 4201 725 4262 ltelnlomml,
744 4201 772 4248 in
792 4213 817 4251 r.
834 4197 932 4246 (traete
950 4212 979 4250 u.
999 4210 1024 4246 r.
1043 4193 1168 4244 illaltlrer
1185 4193 1278 4242 Journ.
1298 4195 1346 4244 llrl.
1365 4194 1428 4256 ΧΧ,
1447 4210 1473 4256 p.
1492 4193 1555 4246 ens.

365 4289 409 4361 (2)
429 4296 599 4356 Velpean,
624 4285 866 4357 lislggescbuttlet'e
891 4286 921 4334 in
945 4283 1050 4336 linarii.
1070 4285 1098 4330 in
1118 4283 1238 4346 Frorieps
1255 4283 1344 4334 Notis.
1362 4282 1410 4332 llal.
1428 4283 1569 4334 xxxvu.
1587 4283 1694 4340 Mill.
1712 4284 1813 4348 paon.

362 4381 403 4449 (³)
421 4383 614 4434 llliclrattlis
633 4380 740 4430 nomine
760 4375 1016 4440 „natggeseturatne
1035 4374 1083 4422 der
1100 4370 1247 4425 Knoensu“
1268 4371 1344 4423 alind
1361 4370 1475 4420 telarum
1494 4374 1759 4435 praescitarumgeuuo
1777 4379 1813 4424 ai·

201 4477 315 4540 gnificat,
335 4481 449 4522 tumores
469 4472 571 4520 seilicet
588 4477 735 4519 sterrerurae
753 4463 1017 4523 cellulosostiluesae,
1036 4463 1083 4523 qni
1102 4462 1130 4508 iu
1149 4461 1299 4521 camoribus
1318 4459 1513 4523 venelitatem,
1531 4462 1562 4508 iu
1585 4465 1755 4513 extremitate
1774 4480 1815 4512 οι-

201 4569 270 4616 sium
288 4565 437 4628 longorum,
457 4560 569 4607 maxime
588 4573 650 4608 vero
668 4559 696 4604 in
716 4555 827 4604 maxilla
852 4561 904 4602 tam
923 4553 1154 4613 superiore-quam
1174 4548 1447 4610 interminantem,
1472 4550 1571 4600 ossium
1589 4554 1705 4614 parietes
1722 4553 1816 4602 inflent

203 4663 229 4704 et
245 4663 371 4716 perquam
390 4655 535 4706 attemnmt,
554 4653 582 4696 ut
600 4647 743 4709 plurimum
761 4643 871 4704 lenistri
888 4643 949 4702 sint,
967 4639 1101 4694 interdum
1121 4646 1219 4698 tamea,
1236 4639 1358 4698 longiore
1376 4639 1553 4702 praesertum
1570 4647 1693 4701 ternpore,
1712 4641 1741 4688 in
1752 4654 1815 4689 ean·

202 4755 303 4792 cruam
321 4737 553 4800 degenerationem
568 4735 674 4786 abeant.
710 4734 786 4788 conl.
805 4747 830 4784 r.
850 4730 945 4782 suere
963 4745 991 4780 ιι.
1012 4743 1038 4778 ι.
1057 4726 1186 4776 Waltlrer
1202 4726 1329 4789 Journal,
1348 4727 1379 4776 Τ.
1399 4727 1464 4779 XX.
1483 4743 1509 4790 p.
1529 4727 1590 4778 leo.
1692 4769 1695 4776 ,

363 4825 403 4890 (4)
423 4823 573 4884 Andral,
591 4822 610 4870 l.
631 4837 654 4874 t.
672 4821 704 4874 Τ.
725 4822 746 4881 Ι,
765 4837 790 4884 p.
809 4819 872 4872 ³9⁶2.
1184 4841 1187 4850 ι
1283 4850 1288 4862 .

364 4911 404 4982 (5)
422 4913 638 4972 lter-deam,
654 4923 703 4960 aur
718 4910 848 4972 quelques
866 4915 997 4962 exortam
1014 4905 1049 4954 de
1066 4905 1095 4954 la
1112 4905 1244 4958 watra
1264 4903 1423 4966 inle'rienre,
1441 4903 1490 4954 ina
1514 4903 1597 4956 Men.
1616 4903 1649 4952 de
1667 4899 1763 4952 l'aead
1783 4903 1817 4952 de

205 5013 318 5074 ablron.
336 5007 368 5056 Τ.
388 5005 418 5058 b'.
446 5017 472 5064 p.
490 4998 554 5054 ³5².
