4784 5894
1384 551 1462 627 180

618 767 731 851 pariete
753 767 896 832 interime
918 765 1061 848 capsulae
1083 765 1225 828 cohaeret
1247 759 1320 848 (l);
1342 763 1452 826 haecce
1479 759 1601 844 quidem
1622 761 1654 823 in
1681 759 1777 823 latere
1806 759 1958 838 anteriore
1985 758 2144 840 hagmaaui
2171 777 2223 821 m-

619 891 749 975 perioris
781 890 838 977 (g)
858 898 948 972 atque
970 889 1002 952 in
1024 877 1226 952 toloambilu
1248 887 1400 950 interioris
1423 883 1460 970 (i.
1483 883 1533 971 lc).
1585 885 1696 948 Facies
1723 885 1810 962 aelli,
1833 902 1911 968 qnae
1940 882 2003 947 nesi
2036 882 2167 946 abrasa
2188 881 2225 944 ab

619 1015 727 1078 eodem
750 1015 846 1091 distat,
870 1013 975 1076 eadem
998 1012 1163 1076 substantia
1184 1011 1353 1074 rubicunda
1374 1010 1515 1093 vasisque
1538 1008 1671 1090 copiosis
1694 1009 1839 1072 instructa
1860 1007 2034 1084 obveslinir,
2055 1005 2225 1090 qnepmie-

620 1149 665 1202 tes
688 1137 829 1220 capsulae
853 1137 1028 1219 apartibus
1050 1135 1193 1198 mollibus
1217 1135 1334 1198 effictae
1356 1133 1569 1212 obdncnnhnr,
1591 1141 1680 1216 atque
1703 1134 1814 1214 passim
1837 1152 1910 1194 vasa
1933 1134 2000 1212 ejus
2023 1139 2112 1214 etque
2140 1131 2218 1194 ossis

619 1264 697 1326 inter
722 1282 756 1326 se
781 1264 887 1342 juncta
915 1269 1093 1342 apparent.¹
1121 1263 1228 1322 Latere
1254 1258 1426 1340 posteriore
1455 1258 1612 1338 fragmenti
1640 1257 1806 1338 asperioris
1843 1257 2008 1320 substantia
2034 1255 2106 1318 calli
2138 1255 2224 1317 mndi-

622 1407 682 1469 que
704 1387 827 1450 firmiter
849 1385 911 1448 ossi
934 1386 1068 1448 inhaeret
1091 1383 1154 1468 (h),
1178 1391 1266 1465 atque
1290 1383 1452 1462 marginem
1476 1383 1564 1444 etiam
1586 1383 1737 1444 fraehrrae
1761 1380 1992 1460 transgreditnrg
2015 1379 2129 1462 qnippe
2152 1399 2223 1460 pro-

622 1519 689 1591 pter
700 1505 810 1572 fibulae
822 1509 959 1574 viciniam
980 1508 1123 1589 impedita
1138 1507 1280 1588 periostei
1291 1503 1492 1579 abscissioua;
1515 1506 1619 1567 eadem
1643 1511 1728 1585 parte
1744 1504 1840 1567 callus
1855 1505 1887 1566 in
1904 1503 2077 1568 evomtione
2090 1503 2224 1566 maxime

622 1653 801 1714 progressus
824 1641 870 1696 est
891 1639 1016 1728 totoque
1039 1632 1152 1694 ambitu
1173 1631 1205 1692 in
1228 1649 1347 1694 osseam
1369 1629 1565 1692 substantiam
1588 1629 1669 1691 obiit
1714 1629 1750 1690 le
1773 1593 1923 1690 anteriore
1944 1631 2067 1710 quoqne
2089 1628 2223 1707 ejusdem

622 1758 779 1836 fragmenti
801 1757 895 1820 latere
919 1756 1081 1818 oasiheatio
1105 1753 1175 1816 calli
1197 1754 1270 1818 satis
1289 1755 1354 1833 jam
1376 1751 1538 1834 processit,
1560 1743 1650 1835 atque
1672 1752 1704 1814 in
1734 1752 1869 1815 sectione
1897 1752 2045 1815 delineata
2066 1751 2122 1838 (g)
2155 1771 2224 1834 spe·

623 1881 699 1943 ciem
722 1879 873 1962 quandem
888 1879 1019 1959 plurium
1040 1885 1220 1960 punctorum
1244 1897 1401 1941 esseorum
1425 1878 1529 1952 relert;
1552 1875 1720 1940 accuratius
1741 1895 1817 1940 vero
1840 1875 1994 1959 inquirens
2005 1883 2119 1957 puncta
2136 1895 2224 1940 ossea

624 2004 724 2067 curma
747 2003 824 2066 inter
852 2023 885 2066 se
913 2009 1001 2083 atque
1030 2023 1099 2064 cnm
1128 2022 1197 2063 ossa
1225 2003 1387 2065 cohaerere
1417 1999 1562 2081 cognovi,
1591 2000 1783 2083 speciemque
1810 2007 1990 2082 punctorum
2019 2008 2223 2081 separatorum

624 2135 761 2189 exortam
784 2146 850 2188 esse
875 2145 913 2188 ex
936 2125 1139 2188 ossilicatione
1162 2126 1361 2207 inaequaliter
1382 2145 1552 2206 progressa
1598 2125 1633 2186 In
1661 2125 1828 2204 fragmento
1856 2143 1931 2186 vero
1959 2124 2100 2188 inferiora
2130 2125 2223 2190 callus

621 2251 781 2312 maximam
803 2257 919 2331 partem
942 2269 959 2310 e
982 2249 1155 2328 cartilagine
1176 2255 1302 2324 constat,
1324 2254 1413 2330 alque
1436 2249 1544 2328 exigna
1565 2253 1680 2310 tantum
1702 2267 1773 2328 pers
1796 2247 1883 2310 faciei
1905 2248 1967 2311 ossi
1989 2247 2145 2327 obversae,
2166 2269 2223 2334 qna

622 2375 751 2456 primum
775 2376 853 2436 lacta
876 2380 941 2436 erat
963 2373 1130 2446 exsulatio,
1154 2373 1183 2433 in
1207 2373 1402 2434 substantiam
1426 2391 1544 2434 osseam
1568 2371 1646 2434 abiit
1693 2372 1790 2451 Cujus
1811 2372 1856 2434 rei
1879 2391 1971 2434 cansa
1992 2373 2025 2434 in
2046 2393 2085 2436 eo
2107 2375 2223 2438 videtu

621 2499 722 2582 posita
744 2518 827 2574 esse,
851 2497 934 2580 quod
956 2517 1053 2578 quum,
1071 2497 1180 2558 arteria
1202 2496 1324 2558 nutritis
1350 2497 1517 2575 fragmento
1548 2494 1698 2576 superiori
1727 2495 1918 2573 immittatur,
1939 2497 2064 2560 inferius
2093 2500 2222 2562 lontibus

622 2623 793 2686 nutritionis
815 2621 981 2686 minoribus
1003 2621 1121 2702 gaudet
1168 2621 1250 2682 Idem
1272 2620 1304 2682 iu
1328 2639 1420 2682 causa
1443 2626 1496 2694 est,
1519 2639 1574 2681 cur
1596 2618 1728 2681 medtdle
1751 2619 1908 2699 fragmenti
1929 2620 2081 2685 inferioris
2098 2624 2222 2687 terami

622 2753 736 2811 mutue
768 2747 814 2823 sit,
849 2758 936 2828 atquc
969 2746 1021 2808 vix
1044 2743 1144 2826 aliqua
1167 2745 1293 2824 vestigia
1313 2761 1411 2806 novae
1434 2743 1617 2806 substantiae
1640 2763 1747 2806 oseeee
1769 2743 1801 2804 in
1823 2743 1941 2806 interna
1963 2745 2041 2808 ossis
2064 2749 2221 2829 superficie

623 2871 821 2934 inveniantur.
867 2871 945 2934 Nam
969 2871 999 2932 in
1023 2871 1189 2948 fragmento
1211 2869 1368 2949 superiore
1391 2869 1481 2930 tubus
1504 2867 1678 2930 medullaris
1702 2867 1741 2930 ad
1762 2867 1865 2930 locum
1887 2868 2045 2932 infractum
2057 2890 2139 2934 nova
2154 2873 2221 2936 sub-

624 2995 732 3058 stantia
760 3015 862 3070 ossea,
885 2994 993 3073 exigue
1021 2999 1135 3054 tantum
1158 2993 1189 3053 in
1212 2991 1310 3054 medio
1335 2991 1439 3052 relicta
1467 2991 1647 3067 canalicnla,
1670 2991 1791 3054 clausus
1821 2999 1884 3072 est,
1907 3000 1996 3075 atque
2025 3014 2117 3075 supra
2146 2997 2220 3060 hune

623 3118 726 3180 locum
749 3115 881 3178 medulla
904 3116 1026 3178 densior
1049 3123 1079 3177 et
1100 3115 1213 3178 coloris
1237 3115 1330 3195 magis
1353 3114 1445 3176 albidi
1468 3120 1603 3196 apparet.
1650 3115 1805 3196 Margines
1827 3117 1976 3178 fracturae
1994 3119 2127 3201 undique
2146 3121 2220 3184 hand

626 3241 736 3316 manati,
759 3241 967 3321 acutiusque
990 3238 1115 3302 emolliti
1137 3259 1235 3320 raeque
1258 3239 1446 3320 resorptione
1469 3239 1623 3300 rotundati
1644 3246 1722 3301 sunt
2127 3317 2130 3324 Ι

784 3349 864 3428 Dum
888 3383 968 3427 nova
990 3364 1063 3426 haec
1086 3363 1157 3424 calli
1185 3363 1352 3426 substantia
1373 3383 1480 3426 rusus
1501 3363 1603 3425 locum
1633 3364 1807 3439 infractum,
1830 3383 1887 3444 pro
1914 3366 2032 3429 radone
2060 3367 2221 3431 inflamma-

625 3487 714 3551 tionis
737 3488 831 3568 magia
855 3487 989 3550 nabrnsve
1014 3487 1166 3561 accrescit,
1188 3487 1359 3568 sensimque
1381 3488 1413 3548 in
1435 3507 1472 3548 aa
1494 3487 1656 3550 oasihcatio
1679 3487 1825 3566 procedit,
1847 3488 2013 3553 substantie
2034 3511 2157 3576 qnoque
2174 3515 2221 3556 ru·

624 3613 760 3684 hicunda
782 3613 958 3693 gelatinosa,
981 3611 1017 3674 iis
1041 3610 1117 3673 loeis
1142 3611 1244 3686 effusa,
1267 3611 1376 3692 quibus
1399 3611 1495 3674 cassus
1519 3611 1555 3672 ab
1580 3629 1649 3672 osse
1672 3609 1801 3672 distabat
1826 3617 1916 3695 atque
1946 3614 2081 3678 internae
2109 3617 2221 3682 solnm·

624 3739 716 3802 ruodo
739 3737 824 3802 faciei
847 3737 991 3818 periostei
1015 3735 1208 3810 adhaerebat,
1231 3735 1332 3797 itidem
1355 3735 1386 3796 in
1409 3742 1588 3798 structuram
1620 3734 1792 3814 organicam
1816 3735 1891 3814 abit,
1915 3745 2005 3821 atque
2027 3741 2108 3804 vasis
2130 3743 2221 3824 ipsius

624 3883 692 3924 cum
715 3863 794 3926 vasis
818 3863 896 3924 ossis
920 3861 1097 3924 coeuntibus
1129 3861 1238 3924 sensim
1269 3859 1300 3922 in
1330 3859 1535 3938 cartilaginem
1566 3877 1744 3942 osseamqne
1773 3859 1966 3924 substantiam
1994 3871 2141 3942 mutatur,
2163 3885 2221 3950 qno

626 3987 714 4056 sacto,
738 3983 833 4044 callus
857 3991 921 4044 toto
945 3983 1056 4044 ambitu
1081 3990 1162 4057 arcte
1184 3984 1246 4045 ossi
1271 3982 1390 4044 insidet.

786 4105 820 4168 Si
842 4107 1075 4185 fragmentorum
1098 4105 1209 4185 positio
1234 4107 1322 4179 lavet,
1346 4112 1434 4185 atque
1458 4103 1565 4182 exiguo
1588 4111 1701 4193 tantum
1724 4108 1773 4168 vel
1792 4107 1877 4172 nulla
1900 4109 1986 4173 adest
2005 4111 2174 4194 dislocatin,
2197 4117 2221 4178 si

626 4229 806 4308 poriostcum
829 4249 892 4292 non
914 4249 1024 4309 magno
1048 4225 1160 4290 ambitu
1182 4227 1320 4289 amalsum
1343 4227 1405 4302 luit,
1429 4237 1529 4308 partes
1553 4245 1696 4291 osseaee
1717 4233 1876 4311 superficie
1894 4234 2050 4318 utriusque
2067 4239 2222 4319 lragmenti

627 4353 785 4432 proiectae,
808 4353 971 4416 crescendo
994 4353 1120 4433 propius
1142 4351 1181 4412 ad
1204 4350 1331 4414 invicem
1356 4351 1531 4415 accedentes
1554 4353 1674 4416 tandem
1696 4355 1774 4418 inter
1796 4359 2020 4438 sejunguntur,
2043 4361 2144 4439 modo,
2167 4384 2222 4446 pro

785 4631 825 4701 (l)
845 4635 901 4683 llec
920 4635 1035 4682 fortassis
1055 4637 1081 4683 in
1102 4639 1179 4686 illum
1206 4653 1318 4686 errorem
1347 4639 1435 4702 plnres
1460 4641 1596 4706 scriptores
1621 4641 1740 4702 induxit,
1760 4643 1805 4704 qni
1832 4628 1979 4693 elnsrrrasse
2003 4647 2053 4694 sibi
2080 4651 2128 4697 risi
2154 4663 2221 4714 sunt,

626 4729 724 4779 callum
744 4735 894 4778 nascentem
915 4741 968 4774 nen
987 4739 1047 4772 aaran
1068 4741 1138 4786 osse,
1158 4727 1202 4774 scd
1222 4743 1282 4776 curn
1301 4728 1369 4778 lucie
1389 4729 1512 4776 interiore
1531 4729 1653 4789 perleslei
1671 4730 1826 4793 cohaerere,
1844 4745 1928 4795 eaque
1947 4734 2131 4787 observatione
2147 4755 2221 4804 argo·

625 4825 712 4866 mento
730 4817 772 4866 usi
790 4825 858 4876 serrat,
877 4831 929 4876 que
947 4814 1047 4862 callom
1066 4829 1080 4859 e
1100 4815 1228 4875 periosteo
1247 4823 1331 4862 omnam
1352 4817 1452 4864 trahere
1471 4815 1686 4872 demonstrarent.
1724 4821 1777 4874 Qni
1798 4821 1819 4868 si
1839 4823 1986 4896 anerrrqtins
2005 4827 2034 4872 in
2053 4840 2107 4876 rem
2133 4831 2220 4894 inqui·

624 4909 753 4966 sivissent,
773 4903 863 4951 itidem
880 4912 959 4966 atque
979 4918 1027 4969 ego
1047 4901 1144 4949 callum
1165 4902 1242 4949 etiem
1261 4919 1322 4951 cnm
1340 4919 1396 4950 uase
1418 4903 1599 4952 cohaerentem
1618 4907 1751 4956 inventuri
1771 4909 1897 4972 luissent,
1917 4909 2025 4974 ejusque
2038 4917 2221 4968 conforrnatio-

625 5011 693 5056 nern,
712 5010 764 5057 que
783 5007 843 5042 cnm
862 5007 919 5039 osse
938 4992 1066 5049 rolraeret,
1094 4990 1204 5038 ulterius
1224 5006 1325 5054 semper
1343 5005 1499 5054 progressam
1517 5009 1650 5056 aprperere.
