<?xml version="1.0" encoding="UTF-8"?>
<!DOCTYPE html PUBLIC "-//W3C//DTD XHTML 1.0 Transitional//EN"
    "http://www.w3.org/TR/xhtml1/DTD/xhtml1-transitional.dtd">
<html xmlns="http://www.w3.org/1999/xhtml" xml:lang="en" lang="en">
 <head>
  <title>
</title>
<meta http-equiv="Content-Type" content="text/html;charset=utf-8" />
  <meta name='ocr-system' content='tesseract 3.04.00' />
  <meta name='ocr-capabilities' content='ocr_page ocr_carea ocr_par ocr_line ocrx_word'/>
</head>
<body>
  <div class='ocr_page' id='page_1' title='image "./deinflammatione00mlgoog_0048.png"; bbox 0 0 4856 5896; ppageno 0'>
   <div class='ocr_carea' id='block_1_1' title="bbox 966 589 1107 689">
    <p class='ocr_par' dir='ltr' id='par_1_1' title="bbox 966 589 1107 689">
     <span class='ocr_line' id='line_1_1' title="bbox 966 589 1107 689; baseline -0.028 0"><span class='ocrx_word' id='word_1_1' title='bbox 966 589 1107 689; x_wconf 63' lang='lat' dir='ltr'>ta.</span> 
     </span>
    </p>
   </div>
   <div class='ocr_carea' id='block_1_2' title="bbox 229 797 1834 3112">
    <p class='ocr_par' dir='ltr' id='par_1_2' title="bbox 229 797 1834 3112">
     <span class='ocr_line' id='line_1_2' title="bbox 229 797 1833 882; baseline 0.002 -24"><span class='ocrx_word' id='word_1_2' title='bbox 229 813 304 872; x_wconf 88' lang='lat' dir='ltr'>rum,</span> <span class='ocrx_word' id='word_1_3' title='bbox 328 797 410 880; x_wconf 90' lang='lat' dir='ltr'>quod</span> <span class='ocrx_word' id='word_1_4' title='bbox 432 797 527 860; x_wconf 87' lang='lat' dir='ltr'>altera</span> <span class='ocrx_word' id='word_1_5' title='bbox 547 805 611 863; x_wconf 88' lang='lat' dir='ltr'>tota</span> <span class='ocrx_word' id='word_1_6' title='bbox 632 799 814 877; x_wconf 75' lang='lat' dir='ltr'><strong>solvebatur,</strong></span> <span class='ocrx_word' id='word_1_7' title='bbox 836 797 948 862; x_wconf 74' lang='lat' dir='ltr'>alterae</span> <span class='ocrx_word' id='word_1_8' title='bbox 969 819 1096 882; x_wconf 74' lang='lat' dir='ltr'>prorsum</span> <span class='ocrx_word' id='word_1_9' title='bbox 1118 818 1181 862; x_wconf 87' lang='lat' dir='ltr'>non</span> <span class='ocrx_word' id='word_1_10' title='bbox 1203 797 1470 876; x_wconf 88' lang='lat' dir='ltr'>commutabantur,</span> <span class='ocrx_word' id='word_1_11' title='bbox 1492 797 1631 862; x_wconf 83' lang='lat' dir='ltr'>sufficere</span> <span class='ocrx_word' id='word_1_12' title='bbox 1653 797 1772 861; x_wconf 85' lang='lat' dir='ltr'>videtur</span> <span class='ocrx_word' id='word_1_13' title='bbox 1795 797 1833 860; x_wconf 86' lang='lat' dir='ltr'>ad</span> 
     </span>
     <span class='ocr_line' id='line_1_3' title="bbox 230 919 1567 1008; baseline 0.002 -25"><span class='ocrx_word' id='word_1_14' title='bbox 230 919 440 1001; x_wconf 88' lang='lat' dir='ltr'>colligendum,</span> <span class='ocrx_word' id='word_1_15' title='bbox 462 923 542 985; x_wconf 86' lang='lat' dir='ltr'>haud</span> <span class='ocrx_word' id='word_1_16' title='bbox 563 945 685 1007; x_wconf 86' lang='lat' dir='ltr'>parvam</span> <span class='ocrx_word' id='word_1_17' title='bbox 707 925 947 1008; x_wconf 88' lang='lat' dir='ltr'>interutrasque</span> <span class='ocrx_word' id='word_1_18' title='bbox 968 922 1153 988; x_wconf 75' lang='lat' dir='ltr'>intercedere</span> <span class='ocrx_word' id='word_1_19' title='bbox 1176 923 1372 985; x_wconf 78' lang='lat' dir='ltr'>differentiam</span> <span class='ocrx_word' id='word_1_20' title='bbox 1395 922 1567 986; x_wconf 89' lang='lat' dir='ltr'>chemicam.</span> 
     </span>
     <span class='ocr_line' id='line_1_4' title="bbox 390 1045 1834 1132; baseline -0.001 -24"><span class='ocrx_word' id='word_1_21' title='bbox 390 1046 654 1129; x_wconf 83' lang='lat' dir='ltr'>Cartilngines</span> <span class='ocrx_word' id='word_1_22' title='bbox 677 1047 849 1112; x_wconf 79' lang='lat' dir='ltr'>librosas</span> <span class='ocrx_word' id='word_1_23' title='bbox 876 1048 1014 1132; x_wconf 85' lang='lat' dir='ltr'>plerique</span> <span class='ocrx_word' id='word_1_24' title='bbox 1041 1047 1102 1110; x_wconf 91' lang='lat' dir='ltr'>tela</span> <span class='ocrx_word' id='word_1_25' title='bbox 1124 1047 1317 1129; x_wconf 72' lang='lat' dir='ltr'>cartilaginea</span> <span class='ocrx_word' id='word_1_26' title='bbox 1338 1067 1411 1109; x_wconf 88' lang='lat' dir='ltr'>vera</span> <span class='ocrx_word' id='word_1_27' title='bbox 1433 1046 1578 1130; x_wconf 88' lang='lat' dir='ltr'>librisque</span> <span class='ocrx_word' id='word_1_28' title='bbox 1600 1045 1766 1109; x_wconf 89' lang='lat' dir='ltr'>tendinosis</span> <span class='ocrx_word' id='word_1_29' title='bbox 1789 1046 1834 1107; x_wconf 88' lang='lat' dir='ltr'>in-</span> 
     </span>
     <span class='ocr_line' id='line_1_5' title="bbox 229 1169 1834 1256; baseline 0.001 -26"><span class='ocrx_word' id='word_1_30' title='bbox 229 1177 276 1230; x_wconf 87' lang='lat' dir='ltr'>ter</span> <span class='ocrx_word' id='word_1_31' title='bbox 297 1187 330 1231; x_wconf 86' lang='lat' dir='ltr'>se</span> <span class='ocrx_word' id='word_1_32' title='bbox 352 1169 452 1232; x_wconf 77' lang='lat' dir='ltr'>mixtis</span> <span class='ocrx_word' id='word_1_33' title='bbox 474 1173 599 1234; x_wconf 84' lang='lat' dir='ltr'>conflari</span> <span class='ocrx_word' id='word_1_34' title='bbox 620 1171 808 1248; x_wconf 82' lang='lat' dir='ltr'>arbitrantur,</span> <span class='ocrx_word' id='word_1_35' title='bbox 831 1173 942 1256; x_wconf 90' lang='lat' dir='ltr'>quippe</span> <span class='ocrx_word' id='word_1_36' title='bbox 964 1173 1034 1256; x_wconf 89' lang='lat' dir='ltr'>quia</span> <span class='ocrx_word' id='word_1_37' title='bbox 1055 1171 1157 1255; x_wconf 84' lang='lat' dir='ltr'>quood</span> <span class='ocrx_word' id='word_1_38' title='bbox 1179 1171 1354 1235; x_wconf 75' lang='lat' dir='ltr'>densitatem</span> <span class='ocrx_word' id='word_1_39' title='bbox 1377 1177 1406 1234; x_wconf 91' lang='lat' dir='ltr'>et</span> <span class='ocrx_word' id='word_1_40' title='bbox 1427 1171 1624 1233; x_wconf 83' lang='lat' dir='ltr'>resistentiam</span> <span class='ocrx_word' id='word_1_41' title='bbox 1637 1171 1715 1235; x_wconf 89' lang='lat' dir='ltr'>inter</span> <span class='ocrx_word' id='word_1_42' title='bbox 1738 1177 1834 1232; x_wconf 88' lang='lat' dir='ltr'>utras-</span> 
     </span>
     <span class='ocr_line' id='line_1_6' title="bbox 231 1291 1834 1379; baseline 0.001 -23"><span class='ocrx_word' id='word_1_43' title='bbox 231 1293 583 1376; x_wconf 87' lang='lat' dir='ltr'>qneintermcdiaesunt.</span> <span class='ocrx_word' id='word_1_44' title='bbox 606 1293 957 1376; x_wconf 88' lang='lat' dir='ltr'>Vernmligamentis</span> <span class='ocrx_word' id='word_1_45' title='bbox 975 1295 1441 1376; x_wconf 84' lang='lat' dir='ltr'>intervertebralibnsjam</span> <span class='ocrx_word' id='word_1_46' title='bbox 1453 1291 1834 1379; x_wconf 86' lang='lat' dir='ltr'>E.ll.Weber(l)qnid-</span> 
     </span>
     <span class='ocr_line' id='line_1_7' title="bbox 231 1417 1834 1502; baseline -0.001 -22"><span class='ocrx_word' id='word_1_47' title='bbox 231 1439 321 1502; x_wconf 87' lang='lat' dir='ltr'>quam</span> <span class='ocrx_word' id='word_1_48' title='bbox 343 1417 526 1498; x_wconf 85' lang='lat' dir='ltr'>cartilaginei</span> <span class='ocrx_word' id='word_1_49' title='bbox 554 1417 718 1480; x_wconf 86' lang='lat' dir='ltr'>admixtum</span> <span class='ocrx_word' id='word_1_50' title='bbox 746 1439 813 1482; x_wconf 88' lang='lat' dir='ltr'>esse</span> <span class='ocrx_word' id='word_1_51' title='bbox 835 1419 968 1499; x_wconf 83' lang='lat' dir='ltr'>negavit,</span> <span class='ocrx_word' id='word_1_52' title='bbox 996 1421 1068 1502; x_wconf 86' lang='lat' dir='ltr'>quia</span> <span class='ocrx_word' id='word_1_53' title='bbox 1089 1421 1119 1481; x_wconf 93' lang='lat' dir='ltr'>in</span> <span class='ocrx_word' id='word_1_54' title='bbox 1142 1419 1330 1481; x_wconf 86' lang='lat' dir='ltr'>membranas</span> <span class='ocrx_word' id='word_1_55' title='bbox 1351 1419 1525 1482; x_wconf 88' lang='lat' dir='ltr'>tendinosas</span> <span class='ocrx_word' id='word_1_56' title='bbox 1548 1418 1668 1481; x_wconf 88' lang='lat' dir='ltr'>extendi</span> <span class='ocrx_word' id='word_1_57' title='bbox 1690 1425 1834 1499; x_wconf 89' lang='lat' dir='ltr'>possnnt;</span> 
     </span>
     <span class='ocr_line' id='line_1_8' title="bbox 232 1540 1834 1626; baseline -0.001 -22"><span class='ocrx_word' id='word_1_58' title='bbox 232 1542 262 1604; x_wconf 93' lang='lat' dir='ltr'>id</span> <span class='ocrx_word' id='word_1_59' title='bbox 285 1541 367 1626; x_wconf 89' lang='lat' dir='ltr'>quod</span> <span class='ocrx_word' id='word_1_60' title='bbox 389 1543 573 1605; x_wconf 88' lang='lat' dir='ltr'>contrarium</span> <span class='ocrx_word' id='word_1_61' title='bbox 595 1551 640 1605; x_wconf 91' lang='lat' dir='ltr'>est</span> <span class='ocrx_word' id='word_1_62' title='bbox 663 1542 828 1606; x_wconf 89' lang='lat' dir='ltr'>conditioni</span> <span class='ocrx_word' id='word_1_63' title='bbox 851 1541 929 1606; x_wconf 89' lang='lat' dir='ltr'>telae</span> <span class='ocrx_word' id='word_1_64' title='bbox 951 1542 1170 1623; x_wconf 86' lang='lat' dir='ltr'>cartilagineae.</span> <span class='ocrx_word' id='word_1_65' title='bbox 1216 1543 1393 1605; x_wconf 79' lang='lat' dir='ltr'>conflantur</span> <span class='ocrx_word' id='word_1_66' title='bbox 1418 1544 1492 1605; x_wconf 91' lang='lat' dir='ltr'>haec</span> <span class='ocrx_word' id='word_1_67' title='bbox 1514 1542 1674 1624; x_wconf 85' lang='lat' dir='ltr'>ligamenta</span> <span class='ocrx_word' id='word_1_68' title='bbox 1696 1540 1834 1624; x_wconf 88' lang='lat' dir='ltr'>pluribus</span> 
     </span>
     <span class='ocr_line' id='line_1_9' title="bbox 230 1663 1834 1750; baseline -0.001 -22"><span class='ocrx_word' id='word_1_69' title='bbox 230 1663 413 1730; x_wconf 84' lang='lat' dir='ltr'>brevissimis</span> <span class='ocrx_word' id='word_1_70' title='bbox 442 1664 560 1730; x_wconf 87' lang='lat' dir='ltr'>annulis</span> <span class='ocrx_word' id='word_1_71' title='bbox 590 1667 731 1748; x_wconf 87' lang='lat' dir='ltr'>deinceps</span> <span class='ocrx_word' id='word_1_72' title='bbox 754 1666 989 1748; x_wconf 84' lang='lat' dir='ltr'>circumpositis,</span> <span class='ocrx_word' id='word_1_73' title='bbox 1019 1667 1123 1750; x_wconf 88' lang='lat' dir='ltr'>quiin</span> <span class='ocrx_word' id='word_1_74' title='bbox 1146 1666 1246 1729; x_wconf 89' lang='lat' dir='ltr'>medio</span> <span class='ocrx_word' id='word_1_75' title='bbox 1268 1665 1396 1728; x_wconf 88' lang='lat' dir='ltr'>liberum</span> <span class='ocrx_word' id='word_1_76' title='bbox 1418 1667 1571 1749; x_wconf 88' lang='lat' dir='ltr'>quoddam</span> <span class='ocrx_word' id='word_1_77' title='bbox 1592 1665 1722 1748; x_wconf 88' lang='lat' dir='ltr'>spatium</span> <span class='ocrx_word' id='word_1_78' title='bbox 1741 1663 1834 1726; x_wconf 87' lang='lat' dir='ltr'>reliu-</span> 
     </span>
     <span class='ocr_line' id='line_1_10' title="bbox 230 1788 1834 1874; baseline -0.002 -22"><span class='ocrx_word' id='word_1_79' title='bbox 230 1797 338 1874; x_wconf 88' lang='lat' dir='ltr'>quunt;</span> <span class='ocrx_word' id='word_1_80' title='bbox 361 1791 419 1852; x_wconf 86' lang='lat' dir='ltr'>boc</span> <span class='ocrx_word' id='word_1_81' title='bbox 441 1790 570 1870; x_wconf 87' lang='lat' dir='ltr'>spatium</span> <span class='ocrx_word' id='word_1_82' title='bbox 592 1791 623 1852; x_wconf 93' lang='lat' dir='ltr'>in</span> <span class='ocrx_word' id='word_1_83' title='bbox 646 1790 807 1853; x_wconf 81' lang='lat' dir='ltr'>infantibus</span> <span class='ocrx_word' id='word_1_84' title='bbox 828 1789 1010 1872; x_wconf 77' lang='lat' dir='ltr'>singularem</span> <span class='ocrx_word' id='word_1_85' title='bbox 1029 1791 1177 1873; x_wconf 88' lang='lat' dir='ltr'>quendam</span> <span class='ocrx_word' id='word_1_86' title='bbox 1201 1811 1322 1853; x_wconf 85' lang='lat' dir='ltr'>roncum</span> <span class='ocrx_word' id='word_1_87' title='bbox 1332 1789 1516 1873; x_wconf 87' lang='lat' dir='ltr'>pellucidum</span> <span class='ocrx_word' id='word_1_88' title='bbox 1539 1790 1677 1865; x_wconf 89' lang='lat' dir='ltr'>continet,</span> <span class='ocrx_word' id='word_1_89' title='bbox 1700 1788 1756 1851; x_wconf 90' lang='lat' dir='ltr'>sub</span> <span class='ocrx_word' id='word_1_90' title='bbox 1779 1789 1834 1850; x_wconf 90' lang='lat' dir='ltr'>mi-</span> 
     </span>
     <span class='ocr_line' id='line_1_11' title="bbox 231 1911 1834 1997; baseline -0.002 -21"><span class='ocrx_word' id='word_1_91' title='bbox 231 1913 391 1996; x_wconf 90' lang='lat' dir='ltr'>crosoopio</span> <span class='ocrx_word' id='word_1_92' title='bbox 413 1914 561 1976; x_wconf 91' lang='lat' dir='ltr'>interdum</span> <span class='ocrx_word' id='word_1_93' title='bbox 584 1915 765 1997; x_wconf 89' lang='lat' dir='ltr'>corpuscula</span> <span class='ocrx_word' id='word_1_94' title='bbox 786 1915 902 1997; x_wconf 88' lang='lat' dir='ltr'>aliquot</span> <span class='ocrx_word' id='word_1_95' title='bbox 925 1914 1145 1988; x_wconf 68' lang='lat' dir='ltr'>ostendentem</span> <span class='ocrx_word' id='word_1_96' title='bbox 1176 1916 1206 1976; x_wconf 90' lang='lat' dir='ltr'>in</span> <span class='ocrx_word' id='word_1_97' title='bbox 1236 1913 1346 1977; x_wconf 90' lang='lat' dir='ltr'>adultis</span> <span class='ocrx_word' id='word_1_98' title='bbox 1372 1935 1446 1977; x_wconf 88' lang='lat' dir='ltr'>vero</span> <span class='ocrx_word' id='word_1_99' title='bbox 1470 1913 1529 1976; x_wconf 89' lang='lat' dir='ltr'>tela</span> <span class='ocrx_word' id='word_1_100' title='bbox 1551 1913 1677 1995; x_wconf 89' lang='lat' dir='ltr'>adiposa</span> <span class='ocrx_word' id='word_1_101' title='bbox 1700 1911 1834 1993; x_wconf 88' lang='lat' dir='ltr'>comple-</span> 
     </span>
     <span class='ocr_line' id='line_1_12' title="bbox 231 2017 1834 2122; baseline -0.002 -22"><span class='ocrx_word' id='word_1_102' title='bbox 231 2047 289 2100; x_wconf 87' lang='lat' dir='ltr'>tur.</span> <span class='ocrx_word' id='word_1_103' title='bbox 334 2038 474 2100; x_wconf 79' lang='lat' dir='ltr'>Sectiorm</span> <span class='ocrx_word' id='word_1_104' title='bbox 495 2045 667 2101; x_wconf 82' lang='lat' dir='ltr'>transversa</span> <span class='ocrx_word' id='word_1_105' title='bbox 688 2058 743 2120; x_wconf 89' lang='lat' dir='ltr'>per</span> <span class='ocrx_word' id='word_1_106' title='bbox 763 2039 862 2101; x_wconf 89' lang='lat' dir='ltr'>media</span> <span class='ocrx_word' id='word_1_107' title='bbox 883 2037 1045 2119; x_wconf 88' lang='lat' dir='ltr'>ligamenta</span> <span class='ocrx_word' id='word_1_108' title='bbox 1066 2039 1152 2114; x_wconf 82' lang='lat' dir='ltr'>lacta,</span> <span class='ocrx_word' id='word_1_109' title='bbox 1174 2059 1272 2122; x_wconf 90' lang='lat' dir='ltr'>neque</span> <span class='ocrx_word' id='word_1_110' title='bbox 1295 2038 1484 2120; x_wconf 89' lang='lat' dir='ltr'>corpuscula,</span> <span class='ocrx_word' id='word_1_111' title='bbox 1507 2059 1584 2120; x_wconf 88' lang='lat' dir='ltr'>quae</span> <span class='ocrx_word' id='word_1_112' title='bbox 1607 2017 1692 2100; x_wconf 84' lang='lat' dir='ltr'>alteri</span> <span class='ocrx_word' id='word_1_113' title='bbox 1715 2035 1834 2098; x_wconf 86' lang='lat' dir='ltr'>cartila-</span> 
     </span>
     <span class='ocr_line' id='line_1_13' title="bbox 229 2160 1833 2246; baseline -0.002 -23"><span class='ocrx_word' id='word_1_114' title='bbox 229 2161 336 2243; x_wconf 85' lang='lat' dir='ltr'>ginum</span> <span class='ocrx_word' id='word_1_115' title='bbox 354 2163 456 2242; x_wconf 81' lang='lat' dir='ltr'>generi</span> <span class='ocrx_word' id='word_1_116' title='bbox 478 2162 587 2238; x_wconf 87' lang='lat' dir='ltr'>insunt,</span> <span class='ocrx_word' id='word_1_117' title='bbox 609 2181 707 2246; x_wconf 89' lang='lat' dir='ltr'>neque</span> <span class='ocrx_word' id='word_1_118' title='bbox 728 2161 790 2225; x_wconf 80' lang='lat' dir='ltr'>tela</span> <span class='ocrx_word' id='word_1_119' title='bbox 810 2161 975 2240; x_wconf 82' lang='lat' dir='ltr'>reticulata,</span> <span class='ocrx_word' id='word_1_120' title='bbox 997 2183 1087 2246; x_wconf 89' lang='lat' dir='ltr'>qnam</span> <span class='ocrx_word' id='word_1_121' title='bbox 1108 2163 1235 2225; x_wconf 82' lang='lat' dir='ltr'>alterum</span> <span class='ocrx_word' id='word_1_122' title='bbox 1257 2162 1420 2225; x_wconf 88' lang='lat' dir='ltr'>earundem</span> <span class='ocrx_word' id='word_1_123' title='bbox 1441 2181 1536 2242; x_wconf 85' lang='lat' dir='ltr'>genus</span> <span class='ocrx_word' id='word_1_124' title='bbox 1552 2161 1677 2239; x_wconf 80' lang='lat' dir='ltr'>exhibet,</span> <span class='ocrx_word' id='word_1_125' title='bbox 1700 2160 1756 2222; x_wconf 93' lang='lat' dir='ltr'>sub</span> <span class='ocrx_word' id='word_1_126' title='bbox 1778 2160 1833 2220; x_wconf 89' lang='lat' dir='ltr'>mi-</span> 
     </span>
     <span class='ocr_line' id='line_1_14' title="bbox 232 2283 1834 2368; baseline -0.002 -19"><span class='ocrx_word' id='word_1_127' title='bbox 232 2285 392 2368; x_wconf 86' lang='lat' dir='ltr'>erosoopio</span> <span class='ocrx_word' id='word_1_128' title='bbox 415 2286 649 2368; x_wconf 86' lang='lat' dir='ltr'>conspiciuntur,</span> <span class='ocrx_word' id='word_1_129' title='bbox 670 2287 725 2350; x_wconf 86' lang='lat' dir='ltr'>sed</span> <span class='ocrx_word' id='word_1_130' title='bbox 748 2286 860 2368; x_wconf 87' lang='lat' dir='ltr'>duplex</span> <span class='ocrx_word' id='word_1_131' title='bbox 881 2296 978 2367; x_wconf 82' lang='lat' dir='ltr'>genus</span> <span class='ocrx_word' id='word_1_132' title='bbox 991 2286 1190 2367; x_wconf 89' lang='lat' dir='ltr'>cingulorum,</span> <span class='ocrx_word' id='word_1_133' title='bbox 1212 2285 1381 2349; x_wconf 79' lang='lat' dir='ltr'>alternatim</span> <span class='ocrx_word' id='word_1_134' title='bbox 1396 2287 1573 2367; x_wconf 90' lang='lat' dir='ltr'>positorum,</span> <span class='ocrx_word' id='word_1_135' title='bbox 1596 2305 1725 2367; x_wconf 90' lang='lat' dir='ltr'>qnorum</span> <span class='ocrx_word' id='word_1_136' title='bbox 1748 2283 1834 2346; x_wconf 80' lang='lat' dir='ltr'>alteri</span> 
     </span>
     <span class='ocr_line' id='line_1_15' title="bbox 232 2395 1833 2494; baseline -0.003 -20"><span class='ocrx_word' id='word_1_137' title='bbox 232 2409 314 2474; x_wconf 86' lang='lat' dir='ltr'>tibris</span> <span class='ocrx_word' id='word_1_138' title='bbox 335 2409 497 2494; x_wconf 79' lang='lat' dir='ltr'>parallelis,</span> <span class='ocrx_word' id='word_1_139' title='bbox 519 2411 605 2474; x_wconf 82' lang='lat' dir='ltr'>alteri</span> <span class='ocrx_word' id='word_1_140' title='bbox 627 2411 710 2474; x_wconf 86' lang='lat' dir='ltr'>libn&#39;s</span> <span class='ocrx_word' id='word_1_141' title='bbox 733 2412 764 2473; x_wconf 88' lang='lat' dir='ltr'>in</span> <span class='ocrx_word' id='word_1_142' title='bbox 786 2395 887 2474; x_wconf 89' lang='lat' dir='ltr'>medio</span> <span class='ocrx_word' id='word_1_143' title='bbox 908 2411 1158 2491; x_wconf 86' lang='lat' dir='ltr'>convergentibus</span> <span class='ocrx_word' id='word_1_144' title='bbox 1181 2403 1359 2473; x_wconf 78' lang='lat' dir='ltr'>conflantur.</span> <span class='ocrx_word' id='word_1_145' title='bbox 1405 2409 1578 2472; x_wconf 84' lang='lat' dir='ltr'>Cavendum</span> <span class='ocrx_word' id='word_1_146' title='bbox 1603 2417 1659 2486; x_wconf 90' lang='lat' dir='ltr'>est,</span> <span class='ocrx_word' id='word_1_147' title='bbox 1688 2428 1726 2470; x_wconf 87' lang='lat' dir='ltr'>ne</span> <span class='ocrx_word' id='word_1_148' title='bbox 1748 2407 1833 2470; x_wconf 90' lang='lat' dir='ltr'>lami-</span> 
     </span>
     <span class='ocr_line' id='line_1_16' title="bbox 232 2533 1834 2622; baseline -0.002 -24"><span class='ocrx_word' id='word_1_149' title='bbox 232 2535 278 2598; x_wconf 89' lang='lat' dir='ltr'>nis</span> <span class='ocrx_word' id='word_1_150' title='bbox 300 2535 440 2599; x_wconf 85' lang='lat' dir='ltr'>tenuibus</span> <span class='ocrx_word' id='word_1_151' title='bbox 462 2553 533 2598; x_wconf 85' lang='lat' dir='ltr'>vere</span> <span class='ocrx_word' id='word_1_152' title='bbox 555 2533 767 2616; x_wconf 82' lang='lat' dir='ltr'>cartilagineis,</span> <span class='ocrx_word' id='word_1_153' title='bbox 796 2552 874 2618; x_wconf 81' lang='lat' dir='ltr'>qnae</span> <span class='ocrx_word' id='word_1_154' title='bbox 896 2535 1088 2616; x_wconf 72' lang='lat' dir='ltr'>superficiem</span> <span class='ocrx_word' id='word_1_155' title='bbox 1102 2534 1298 2616; x_wconf 66' lang='lat' dir='ltr'>⁴superiorem</span> <span class='ocrx_word' id='word_1_156' title='bbox 1317 2542 1348 2596; x_wconf 90' lang='lat' dir='ltr'>et</span> <span class='ocrx_word' id='word_1_157' title='bbox 1369 2533 1546 2600; x_wconf 81' lang='lat' dir='ltr'>inietiorens</span> <span class='ocrx_word' id='word_1_158' title='bbox 1562 2533 1768 2622; x_wconf 77' lang='lat' dir='ltr'>vertebrarum</span> <span class='ocrx_word' id='word_1_159' title='bbox 1790 2539 1834 2594; x_wconf 88' lang='lat' dir='ltr'>at-</span> 
     </span>
     <span class='ocr_line' id='line_1_17' title="bbox 231 2656 1834 2742; baseline 0.001 -20"><span class='ocrx_word' id='word_1_160' title='bbox 231 2678 290 2742; x_wconf 91' lang='lat' dir='ltr'>que</span> <span class='ocrx_word' id='word_1_161' title='bbox 312 2660 344 2722; x_wconf 91' lang='lat' dir='ltr'>in</span> <span class='ocrx_word' id='word_1_162' title='bbox 365 2659 477 2720; x_wconf 88' lang='lat' dir='ltr'>inlante</span> <span class='ocrx_word' id='word_1_163' title='bbox 499 2658 648 2738; x_wconf 85' lang='lat' dir='ltr'>margines</span> <span class='ocrx_word' id='word_1_164' title='bbox 670 2678 792 2741; x_wconf 88' lang='lat' dir='ltr'>quoqne</span> <span class='ocrx_word' id='word_1_165' title='bbox 813 2658 1016 2740; x_wconf 90' lang='lat' dir='ltr'>prominentes</span> <span class='ocrx_word' id='word_1_166' title='bbox 1040 2656 1190 2733; x_wconf 83' lang='lat' dir='ltr'>obvelant,</span> <span class='ocrx_word' id='word_1_167' title='bbox 1212 2659 1318 2720; x_wconf 90' lang='lat' dir='ltr'>eadem</span> <span class='ocrx_word' id='word_1_168' title='bbox 1339 2659 1473 2721; x_wconf 86' lang='lat' dir='ltr'>sectione</span> <span class='ocrx_word' id='word_1_169' title='bbox 1496 2679 1556 2721; x_wconf 91' lang='lat' dir='ltr'>una</span> <span class='ocrx_word' id='word_1_170' title='bbox 1579 2679 1648 2720; x_wconf 89' lang='lat' dir='ltr'>cum</span> <span class='ocrx_word' id='word_1_171' title='bbox 1673 2657 1834 2737; x_wconf 78' lang='lat' dir='ltr'>ligamento</span> 
     </span>
     <span class='ocr_line' id='line_1_18' title="bbox 231 2750 1819 2864; baseline -0.001 -20"><span class='ocrx_word' id='word_1_172' title='bbox 231 2783 339 2864; x_wconf 89' lang='lat' dir='ltr'>partim</span> <span class='ocrx_word' id='word_1_173' title='bbox 362 2779 502 2842; x_wconf 77' lang='lat' dir='ltr'>abscissis</span> <span class='ocrx_word' id='word_1_174' title='bbox 524 2780 710 2856; x_wconf 75' lang='lat' dir='ltr'>seducamur,</span> <span class='ocrx_word' id='word_1_175' title='bbox 732 2787 766 2842; x_wconf 90' lang='lat' dir='ltr'>ut</span> <span class='ocrx_word' id='word_1_176' title='bbox 787 2763 894 2841; x_wconf 65' lang='lat' dir='ltr'>reuera</span> <span class='ocrx_word' id='word_1_177' title='bbox 915 2787 1072 2861; x_wconf 86' lang='lat' dir='ltr'>utramque</span> <span class='ocrx_word' id='word_1_178' title='bbox 1095 2779 1185 2840; x_wconf 84' lang='lat' dir='ltr'>telam</span> <span class='ocrx_word' id='word_1_179' title='bbox 1208 2781 1238 2842; x_wconf 90' lang='lat' dir='ltr'>in</span> <span class='ocrx_word' id='word_1_180' title='bbox 1261 2799 1298 2842; x_wconf 88' lang='lat' dir='ltr'>eo</span> <span class='ocrx_word' id='word_1_181' title='bbox 1321 2782 1511 2842; x_wconf 83' lang='lat' dir='ltr'>commixtam</span> <span class='ocrx_word' id='word_1_182' title='bbox 1535 2802 1601 2843; x_wconf 80' lang='lat' dir='ltr'>esse</span> <span class='ocrx_word' id='word_1_183' title='bbox 1625 2781 1794 2846; x_wconf 83' lang='lat' dir='ltr'>credamus.</span> <span class='ocrx_word' id='word_1_184' title='bbox 1813 2750 1819 2765; x_wconf 50' lang='lat'>¹</span> 
     </span>
     <span class='ocr_line' id='line_1_19' title="bbox 391 2883 1834 2984; baseline -0.001 -18"><span class='ocrx_word' id='word_1_185' title='bbox 391 2901 988 2984; x_wconf 83' lang='lat' dir='ltr'>lncartilagineinterartienlari</span> <span class='ocrx_word' id='word_1_186' title='bbox 1000 2923 1088 2982; x_wconf 87' lang='lat' dir='ltr'>genu,</span> <span class='ocrx_word' id='word_1_187' title='bbox 1100 2923 1190 2984; x_wconf 89' lang='lat' dir='ltr'>quam</span> <span class='ocrx_word' id='word_1_188' title='bbox 1207 2901 1242 2965; x_wconf 88' lang='lat' dir='ltr'>E.</span> <span class='ocrx_word' id='word_1_189' title='bbox 1254 2883 1721 2983; x_wconf 47' lang='lat' dir='ltr'>ll.Weber&#39;(2)ininlantibns</span> <span class='ocrx_word' id='word_1_190' title='bbox 1732 2922 1834 2965; x_wconf 86' lang='lat' dir='ltr'>veram</span> 
     </span>
     <span class='ocr_line' id='line_1_20' title="bbox 231 3021 1834 3112; baseline -0.004 -19"><span class='ocrx_word' id='word_1_191' title='bbox 231 3021 524 3109; x_wconf 84' lang='lat' dir='ltr'>cartilaginem.esse</span> <span class='ocrx_word' id='word_1_192' title='bbox 545 3025 619 3104; x_wconf 84' lang='lat' dir='ltr'>vult,</span> <span class='ocrx_word' id='word_1_193' title='bbox 641 3024 778 3110; x_wconf 83' lang='lat' dir='ltr'>equidem</span> <span class='ocrx_word' id='word_1_194' title='bbox 800 3031 861 3090; x_wconf 89' lang='lat' dir='ltr'>tam</span> <span class='ocrx_word' id='word_1_195' title='bbox 883 3025 914 3089; x_wconf 90' lang='lat' dir='ltr'>in</span> <span class='ocrx_word' id='word_1_196' title='bbox 935 3023 1096 3089; x_wconf 80' lang='lat' dir='ltr'>infantibus</span> <span class='ocrx_word' id='word_1_197' title='bbox 1120 3045 1210 3112; x_wconf 89' lang='lat' dir='ltr'>qnam</span> <span class='ocrx_word' id='word_1_198' title='bbox 1231 3025 1263 3091; x_wconf 89' lang='lat' dir='ltr'>in</span> <span class='ocrx_word' id='word_1_199' title='bbox 1285 3023 1394 3089; x_wconf 86' lang='lat' dir='ltr'>adultis</span> <span class='ocrx_word' id='word_1_200' title='bbox 1417 3027 1558 3090; x_wconf 86' lang='lat' dir='ltr'>fibrosam</span> <span class='ocrx_word' id='word_1_201' title='bbox 1580 3033 1834 3090; x_wconf 86' lang='lat' dir='ltr'>tautumstructu-</span> 
     </span>
    </p>
   </div>
   <div class='ocr_carea' id='block_1_3' title="bbox 231 3123 1833 3233">
    <p class='ocr_par' dir='ltr' id='par_1_3' title="bbox 231 3123 1833 3233">
     <span class='ocr_line' id='line_1_21' title="bbox 231 3123 1833 3233; baseline -0.002 -17"><span class='ocrx_word' id='word_1_202' title='bbox 231 3172 312 3229; x_wconf 87' lang='lat' dir='ltr'>ram,</span> <span class='ocrx_word' id='word_1_203' title='bbox 339 3170 397 3214; x_wconf 91' lang='lat' dir='ltr'>nec</span> <span class='ocrx_word' id='word_1_204' title='bbox 418 3123 529 3212; x_wconf 29' lang='lat' dir='ltr'>ullum*</span> <span class='ocrx_word' id='word_1_205' title='bbox 537 3149 789 3232; x_wconf 86' lang='lat' dir='ltr'>corpusculorum</span> <span class='ocrx_word' id='word_1_206' title='bbox 816 3149 974 3232; x_wconf 80' lang='lat' dir='ltr'>vestigium</span> <span class='ocrx_word' id='word_1_207' title='bbox 996 3151 1107 3231; x_wconf 86' lang='lat' dir='ltr'>reperi.</span> <span class='ocrx_word' id='word_1_208' title='bbox 1153 3151 1244 3233; x_wconf 79' lang='lat' dir='ltr'>Quod</span> <span class='ocrx_word' id='word_1_209' title='bbox 1266 3149 1403 3214; x_wconf 87' lang='lat' dir='ltr'>Bichat</span> <span class='ocrx_word' id='word_1_210' title='bbox 1425 3147 1478 3232; x_wconf 88' lang='grc'>(3)</span> <span class='ocrx_word' id='word_1_211' title='bbox 1506 3147 1696 3232; x_wconf 87' lang='lat' dir='ltr'>cartilagines</span> <span class='ocrx_word' id='word_1_212' title='bbox 1719 3151 1833 3214; x_wconf 77' lang='lat' dir='ltr'>alanum</span> 
     </span>
    </p>
   </div>
   <div class='ocr_carea' id='block_1_4' title="bbox 231 3272 1833 3600">
    <p class='ocr_par' dir='ltr' id='par_1_4' title="bbox 231 3272 1833 3600">
     <span class='ocr_line' id='line_1_22' title="bbox 231 3272 1832 3360; baseline -0.003 -19"><span class='ocrx_word' id='word_1_213' title='bbox 231 3275 306 3354; x_wconf 82' lang='lat' dir='ltr'>nasi,</span> <span class='ocrx_word' id='word_1_214' title='bbox 328 3273 481 3339; x_wconf 73' lang='lat' dir='ltr'>auriculae</span> <span class='ocrx_word' id='word_1_215' title='bbox 504 3272 745 3360; x_wconf 87' lang='lat' dir='ltr'>annulorumque</span> <span class='ocrx_word' id='word_1_216' title='bbox 767 3275 904 3336; x_wconf 88' lang='lat' dir='ltr'>tracheae</span> <span class='ocrx_word' id='word_1_217' title='bbox 926 3274 1046 3338; x_wconf 82' lang='lat' dir='ltr'>librosis</span> <span class='ocrx_word' id='word_1_218' title='bbox 1068 3274 1287 3350; x_wconf 77' lang='lat' dir='ltr'>adnumeravit,</span> <span class='ocrx_word' id='word_1_219' title='bbox 1309 3273 1340 3337; x_wconf 91' lang='lat' dir='ltr'>id</span> <span class='ocrx_word' id='word_1_220' title='bbox 1363 3274 1510 3337; x_wconf 87' lang='lat' dir='ltr'>immerito</span> <span class='ocrx_word' id='word_1_221' title='bbox 1534 3294 1602 3339; x_wconf 87' lang='lat' dir='ltr'>eum</span> <span class='ocrx_word' id='word_1_222' title='bbox 1624 3275 1738 3350; x_wconf 80' lang='lat' dir='ltr'>iecisse,</span> <span class='ocrx_word' id='word_1_223' title='bbox 1761 3273 1832 3360; x_wconf 80' lang='lat' dir='ltr'>satis</span> 
     </span>
     <span class='ocr_line' id='line_1_23' title="bbox 233 3395 1833 3482; baseline -0.004 -19"><span class='ocrx_word' id='word_1_224' title='bbox 233 3421 272 3464; x_wconf 86' lang='lat' dir='ltr'>ex</span> <span class='ocrx_word' id='word_1_225' title='bbox 293 3418 386 3482; x_wconf 86' lang='lat' dir='ltr'>snpra</span> <span class='ocrx_word' id='word_1_226' title='bbox 407 3397 507 3461; x_wconf 85' lang='lat' dir='ltr'>allatis</span> <span class='ocrx_word' id='word_1_227' title='bbox 528 3397 635 3480; x_wconf 87' lang='lat' dir='ltr'>liquet;</span> <span class='ocrx_word' id='word_1_228' title='bbox 659 3395 917 3479; x_wconf 87' lang='lat' dir='ltr'>cartilagines</span> <span class='ocrx_word' id='word_1_229' title='bbox 938 3418 1012 3462; x_wconf 85' lang='lat' dir='ltr'>vero</span> <span class='ocrx_word' id='word_1_230' title='bbox 1028 3397 1205 3462; x_wconf 63' lang='lat' dir='ltr'>vtarsales</span> <span class='ocrx_word' id='word_1_231' title='bbox 1227 3396 1505 3482; x_wconf 87' lang='lat' dir='ltr'>palpebrarum,</span> <span class='ocrx_word' id='word_1_232' title='bbox 1528 3419 1603 3481; x_wconf 89' lang='lat' dir='ltr'>quas</span> <span class='ocrx_word' id='word_1_233' title='bbox 1615 3397 1693 3463; x_wconf 86' lang='lat' dir='ltr'>idem</span> <span class='ocrx_word' id='word_1_234' title='bbox 1705 3408 1734 3461; x_wconf 88' lang='lat' dir='ltr'>et</span> <span class='ocrx_word' id='word_1_235' title='bbox 1752 3398 1833 3478; x_wconf 70' lang='lat' dir='ltr'>ipsas«</span> 
     </span>
     <span class='ocr_line' id='line_1_24' title="bbox 233 3520 1112 3600; baseline -0.003 -12"><span class='ocrx_word' id='word_1_236' title='bbox 233 3523 292 3588; x_wconf 83' lang='lat' dir='ltr'>buc</span> <span class='ocrx_word' id='word_1_237' title='bbox 313 3523 411 3600; x_wconf 78' lang='lat' dir='ltr'>telerl,</span> <span class='ocrx_word' id='word_1_238' title='bbox 433 3527 613 3586; x_wconf 82' lang='lat' dir='ltr'>structuram</span> <span class='ocrx_word' id='word_1_239' title='bbox 636 3521 776 3585; x_wconf 82' lang='lat' dir='ltr'>exhibent</span> <span class='ocrx_word' id='word_1_240' title='bbox 797 3520 1112 3599; x_wconf 85' lang='lat' dir='ltr'>libroso-oellulosam.</span> 
     </span>
    </p>
   </div>
   <div class='ocr_carea' id='block_1_5' title="bbox 394 3783 1131 3944">
    <p class='ocr_par' dir='ltr' id='par_1_5' title="bbox 394 3783 1131 3944">
     <span class='ocr_line' id='line_1_25' title="bbox 407 3787 644 3842; baseline 0.013 -4"><span class='ocrx_word' id='word_1_241' title='bbox 407 3790 423 3838; x_wconf 91' lang='lat'>1</span> <span class='ocrx_word' id='word_1_242' title='bbox 454 3789 475 3839; x_wconf 91' lang='lat' dir='ltr'>l.</span> <span class='ocrx_word' id='word_1_243' title='bbox 494 3805 518 3840; x_wconf 88' lang='lat' dir='ltr'>e.</span> <span class='ocrx_word' id='word_1_244' title='bbox 555 3828 562 3842; x_wconf 91' lang='lat'>.</span> <span class='ocrx_word' id='word_1_245' title='bbox 580 3787 644 3842; x_wconf 69' lang='lat'>232.</span> 
     </span>
     <span class='ocr_line' id='line_1_26' title="bbox 394 3783 1131 3944; baseline -0.005 -18"><span class='ocrx_word' id='word_1_246' title='bbox 394 3783 438 3944; x_wconf 58' lang='lat'>{2}</span> <span class='ocrx_word' id='word_1_247' title='bbox 454 3805 597 3940; x_wconf 55' lang='lat' dir='ltr'>waltper,</span> <span class='ocrx_word' id='word_1_248' title='bbox 614 3879 643 3926; x_wconf 87' lang='lat' dir='ltr'>in</span> <span class='ocrx_word' id='word_1_249' title='bbox 661 3886 730 3930; x_wconf 78' lang='lat' dir='ltr'>ruat.</span> <span class='ocrx_word' id='word_1_250' title='bbox 749 3872 886 3939; x_wconf 70' lang='lat' dir='ltr'>nittqbr,</span> <span class='ocrx_word' id='word_1_251' title='bbox 903 3883 966 3925; x_wconf 83' lang='lat' dir='ltr'>tom.</span> <span class='ocrx_word' id='word_1_252' title='bbox 985 3876 1008 3926; x_wconf 89' lang='lat'>1.</span> <span class='ocrx_word' id='word_1_253' title='bbox 1026 3891 1051 3938; x_wconf 87' lang='lat' dir='ltr'>p.</span> <span class='ocrx_word' id='word_1_254' title='bbox 1070 3873 1131 3925; x_wconf 64' lang='grc' dir='ltr'>Μ.</span> 
     </span>
    </p>
   </div>
   <div class='ocr_carea' id='block_1_6' title="bbox 383 3961 1050 4034">
    <p class='ocr_par' dir='ltr' id='par_1_6' title="bbox 383 3961 1050 4034">
     <span class='ocr_line' id='line_1_27' title="bbox 383 3961 1050 4034; baseline -0.012 -10"><span class='ocrx_word' id='word_1_255' title='bbox 383 3964 437 4034; x_wconf 68' lang='grc'>,(8)</span> <span class='ocrx_word' id='word_1_256' title='bbox 454 3967 597 4030; x_wconf 76' lang='lat' dir='ltr'>metat,</span> <span class='ocrx_word' id='word_1_257' title='bbox 611 3974 681 4024; x_wconf 71' lang='lat' dir='ltr'>nat.</span> <span class='ocrx_word' id='word_1_258' title='bbox 697 3965 787 4030; x_wconf 61' lang='lat' dir='ltr'>mala.</span> <span class='ocrx_word' id='word_1_259' title='bbox 806 3971 875 4028; x_wconf 54' lang='lat' dir='ltr'>taqua,</span> <span class='ocrx_word' id='word_1_260' title='bbox 889 3965 926 4026; x_wconf 81' lang='lat' dir='ltr'>li.</span> <span class='ocrx_word' id='word_1_261' title='bbox 942 3980 974 4030; x_wconf 65' lang='lat' dir='ltr'>rs</span> <span class='ocrx_word' id='word_1_262' title='bbox 986 3961 1050 4026; x_wconf 64' lang='lat' dir='ltr'>m</span> 
     </span>
    </p>
   </div>
   <div class='ocr_carea' id='block_1_7' title="bbox 0 0 2432 5892">
    <p class='ocr_par' dir='ltr' id='par_1_7' title="bbox 0 0 2432 5892">
     <span class='ocr_line' id='line_1_28' title="bbox 0 0 2432 5892; baseline 0 0"><span class='ocrx_word' id='word_1_263' title='bbox 0 0 2432 5892; x_wconf 95' lang='lat' dir='ltr'> </span> 
     </span>
    </p>
   </div>
  </div>
 </body>
</html>
