4784 5894
1376 525 1432 602 aa

565 708 568 716 ¹
599 741 689 818 uum,
711 738 826 821 spina
848 743 1022 814 ventosa,
1044 734 1395 812 Paradarthrooaoep
1419 735 1734 810 ostensuram-a,
1763 735 2076 813 *Osteoteatomm
2105 735 2209 818 singu·

599 863 638 928 lis
662 864 849 926 exostosinm
871 861 1027 941 speciebus
1050 859 1216 922 mdicmdis
1238 859 1367 936 inventa,
1391 864 1480 940 atque
1502 858 1540 920 ab
1563 859 1737 923 auctoribus
1765 877 1857 924 sensu
1879 877 2024 940 perquam
2046 860 2132 926 vario
2154 861 2209 924 ad·

601 989 703 1066 bibita,
725 959 821 1068 magis
843 985 996 1066 magisque
1018 983 1201 1064 implicabant
1223 985 1302 1046 banc,
1322 983 1491 1048 materiem:
1513 1001 1549 1046 ac
1571 982 1700 1070 iuligine*
1717 982 1770 1044 vix
1792 981 1982 1063 dispellenda
2003 983 2209 1048 obfuscabant.

601 1109 842 1194 Palletta(l)
858 1109 964 1170 omnia
976 1109 1059 1170 draeo
1081 1107 1170 1185 mala,
1192 1107 1375 1186 singularem
1396 1108 1636 1188 uniuscujusque
1657 1113 1796 1170 namram
1818 1125 1945 1188 prorsus
1962 1108 2209 1190 nonrespieiens,

602 1237 658 1298 sub
681 1235 803 1298 nomine
825 1231 1121 1297 tuberculorum
1143 1232 1416 1295 ossivororum
1439 1229 1613 1312 descripsit,
1641 1237 1671 1296 et
1693 1231 1838 1312 Scorpa
1860 1229 1913 1313 (2)
1943 1251 2037 1294 unum
2066 1233 2208 1298 eundern·

601 1379 661 1442 que
683 1359 831 1435 morbum,
853 1377 910 1420 nec
932 1358 991 1420 nisi
1013 1357 1195 1420 evolutiouis
1217 1357 1322 1420 sudis
1346 1357 1575 1436 discrepantem,
1596 1355 1751 1420 excatoain
1773 1375 1882 1436 nempe
1904 1355 2082 1436 malignam,
2111 1359 2208 1420 omni-

602 1481 659 1546 bus
671 1484 794 1546 subesse
817 1482 985 1556 contendit;
1007 1487 1115 1544 cenna
1137 1501 1156 1542 a
1177 1481 1356 1544 Waltlrer
1379 1478 1437 1564 (3)
1460 1481 1568 1542 merito
1591 1480 1715 1542 morbos
1737 1479 1785 1541 sni
1806 1479 1926 1559 generis
1947 1499 2016 1544 esse
2039 1480 2207 1548 arbitrabar.

761 1606 922 1669 Novarum
946 1606 1083 1682 telarum,
1106 1605 1215 1686 quibus
1238 1604 1416 1685 praeprimis
1438 1603 1666 1668 manifestantur
1680 1603 1778 1668 morbi
1801 1621 1852 1666 aas
1874 1611 2080 1686 procreantes,
2101 1612 2211 1670 natine

609 1737 701 1812 alque
712 1730 906 1794 indolessola
921 1731 1031 1792 idonea
1039 1736 1092 1806 est,
1101 1730 1150 1792 cui
1157 1728 1188 1790 in
1196 1728 1597 1808 distinguendisillismcrbis
1603 1727 1857 1808 inuitipossimus;
1871 1747 1946 1810 quaa
1962 1749 2052 1818 quum
2063 1729 2207 1794 hocloco

605 1873 782 1936 persequor,
804 1856 938 1916 intrant
960 1861 1117 1917 exostoses
1140 1874 1195 1915 eos
1218 1860 1332 1916 tantum
1355 1860 1489 1916 tumores
1512 1853 1627 1916 ossium
1650 1852 1862 1933 descripturus
1885 1853 1936 1934 qui
1951 1853 2078 1934 simplici
2089 1853 2209 1918 maam-

602 1979 735 2042 matione
757 1979 884 2059 plastica
907 1979 1060 2054 oriuntur,
1091 1978 1227 2060 reliquos
1257 1984 1390 2040 minores
1413 1977 1462 2040 hio
1483 1977 1589 2058 paucis
1612 1995 1764 2058 exponam
1785 1977 1842 2055 ita,
1871 1983 1905 2040 nt
1926 1977 2068 2056 telarum,
2097 1977 2207 2061 quibm

603 2104 781 2180 conflantur,
804 2103 987 2183 singularem
1008 2109 1147 2164 naturam
1168 2103 1260 2164 iniis
1282 2101 1450 2182 digerendis
1474 2120 1593 2184 sequar.

1243 2334 1269 2386 1.
1302 2334 1564 2406 Tuberculoaia.

762 2473 935 2536 sensuam
956 2473 1150 2536 tuberculoso
1173 2480 1224 2536 aut
1247 2473 1324 2534 inber
1346 2494 1382 2535 os
1406 2479 1435 2536 ot
1456 2473 1656 2553 periosteum,
1686 2478 1737 2534 ant
1766 2472 1809 2534 iu¹
1824 2473 1892 2554 ipsa
1919 2473 2086 2539 substantia
2106 2496 2206 2556 ossea,

605 2604 665 2674 aul,
688 2597 772 2679 quod
795 2598 929 2660 omnium
951 2598 984 2660 fit
1007 2598 1189 2678 saepissime,
1211 2597 1243 2658 in
1266 2598 1348 2660 cavis
1371 2573 1586 2660 medullaribus
1610 2597 1780 2677 deponimr.
1825 2598 1952 2676 Eadem
1975 2607 2064 2682 atque
2085 2602 2118 2665 in
2139 2602 2207 2668 aliis

603 2722 733 2802 organis,
755 2722 904 2802 percurrit
926 2722 1035 2794 stadim
1059 2723 1193 2785 emollita
1215 2722 1480 2786 inflammationem
1501 2727 1532 2784 et
1553 2722 1672 2798 cariem,
1695 2722 1793 2786 rarius
1815 2722 1955 2786 necrosiu
1979 2724 2112 2800 adducit3
2134 2747 2206 2808 pars

601 2846 755 2910 necrotica
778 2853 916 2926 separata
937 2866 1002 2908 nou
1025 2847 1273 2928 suppurationem
1294 2847 1486 2924 laudabilem,
1509 2867 1587 2928 quae
1610 2846 1748 2910 celeriter
1767 2847 2004 2912 adsentationem
2015 2850 2127 2928 tendat,
2148 2851 2205 2914 sed

601 2971 688 3034 ulcus
710 2970 853 3052 relinquit
873 2972 1021 3051 pertinax,
1044 2991 1106 3032 non
1129 2972 1213 3051 prius
1236 2985 1466 3048 consenescens,
1488 2991 1578 3053 quam
1600 2971 1680 3032 mala
1701 2970 1861 3034 humorum
1885 2972 1991 3035 mixtio
2020 2974 2121 3038 levata
2149 2985 2207 3040 est.

601 3095 648 3154 Ex
670 3095 883 3173 singularibus,
906 3115 983 3174 quac
1004 3094 1168 3158 tuberculis
1192 3095 1375 3172 efficiuntur,
1398 3095 1575 3158 morborum
1603 3095 1763 3178 speciebus
1784 3097 1894 3160 haecce
1916 3099 2095 3178 praeprimis
2116 3120 2207 3164 acma-

606 3217 700 3278 rallus
722 3217 937 3279 describendae
958 3223 1038 3280 sunt.
1940 3199 1944 3207 ¹

762 3340 797 3425 a)
828 3343 945 3421 Spina
974 3349 1147 3406 ventosa.
1198 3343 1354 3406 Tubulosa
1382 3344 1546 3426 praecipue
1577 3345 1749 3424 aggreditur
1776 3364 1862 3423 ossa,
1892 3365 1969 3428 quae
1998 3354 2063 3410 toto
2092 3350 2206 3415 ambibi

605 3465 823 3542 intumescunt,
846 3466 918 3526 dum
942 3467 1033 3528 sinml
1051 3487 1155 3528 eornm
1173 3468 1303 3548 parietes
1326 3474 1527 3546 attenuantur,
1548 3469 1590 3530 ita
1612 3487 1710 3550 saepe,
1733 3476 1767 3532 nt
1789 3469 1840 3532 vix
1862 3471 1994 3534 chartam
2016 3473 2208 3555 scriptoriam

604 3589 802 3652 crassitudine
830 3599 968 3672 aequent.
1020 3591 1195 3656 Secundum
1215 3593 1252 3654 B.
1274 3593 1363 3656 Bell
1392 3613 1455 3656 sen.
1481 3591 1551 3674 (d),
1580 3593 1767 3674 llowship
1791 3592 1862 3680 (5),
1889 3597 1924 3658 B.
1947 3596 2034 3658 Bell
2052 3599 2119 3678 jun.
2140 3598 2206 3682 (6),

600 3713 692 3794 alios,
715 3715 861 3796 originem
885 3717 969 3778 ducit
989 3737 1007 3778 e
1028 3717 1237 3798 scroplrnlosi,
1266 3725 1297 3779 et
1318 3718 1483 3780 seeundum
1507 3717 1563 3780 Plr.
1587 3737 1606 3778 a
1628 3718 1803 3780 Waltlrer
1825 3717 1875 3800 (7)
1906 3721 2029 3786 materie
2056 3726 2207 3806 scrophu-

599 3839 667 3902 losa
689 3840 752 3902 sive
775 3842 940 3906 tuberculis
962 3842 993 3904 in
1016 3843 1090 3905 tubo
1113 3843 1273 3910 medullari
1296 3841 1439 3924 depositis
1462 3843 1605 3906 exoritur.
1650 3844 1728 3906 Mox
1750 3841 1833 3906 lanto
1856 3845 1952 3924 gradu
1982 3847 2120 3910 increscit
2145 3867 2206 3912 ne·-

600 3981 659 4040 qua
682 3981 752 4022 oum
774 3963 930 4046 doloribus
954 3967 1115 4042 conjuncta
1139 3975 1192 4041 est,
1212 3985 1287 4028 nrox
1309 3966 1467 4030 celerrimo
1490 3967 1633 4030 incedere
1655 3969 1930 4033 veltemeulissimos
1950 3971 2060 4034 excitat
2068 3971 2206 4038 dolores.

653 4251 656 4258 ’
761 4226 800 4292 ll)
820 4230 992 4292 Pallella‚
1009 4231 1028 4280 l.
1049 4246 1072 4280 a.
1092 4245 1117 4294 p.
1136 4229 1181 4282 93.

761 4316 800 4382 (2)
820 4319 961 4382 Scorpo,
980 4321 1000 4370 l.
1020 4336 1043 4370 c.
1063 4337 1088 4382 p.
1109 4319 1151 4368 w.

760 4405 799 4468 (3)
820 4407 873 4458 ra.
893 4424 917 4456 v.
936 4407 1115 4472 Waltlrer,
1141 4409 1207 4456 tiber
1230 4409 1256 4460 d.
1282 4409 1490 4460 Exarliculalion
1515 4411 1539 4461 d.
1563 4409 1660 4472 Finger
1684 4411 1731 4460 ruit
1755 4413 1831 4462 ibren
1858 4413 2054 4465 Handwnrzaln
2079 4433 2126 4467 uns
2151 4419 2205 4471 den

599 4493 909 4556 Handwurzelgclanluan
927 4497 955 4543 in
975 4511 999 4547 r.
1019 4497 1145 4547 Graelc
1165 4514 1193 4548 u.
1212 4513 1237 4548 τ.
1257 4497 1555 4551 WaltlrerJournal.
1575 4499 1604 4548 Τ.
1627 4497 1698 4562 vm,
1718 4517 1742 4564 p.
1761 4499 1822 4550 ³51.

737 4633 741 4642 ¹
760 4581 799 4646 (4)
820 4585 847 4630 ll,
869 4583 965 4642 Bell,
984 4585 1150 4648 Lelrrlregriff
1165 4587 1212 4634 der
1229 4587 1504 4638 Wnndaraneilunsl.
1541 4590 1572 4640 Α.
1592 4588 1617 4660 d.
1637 4587 1715 4650 Engl.
1752 4590 1862 4654 Leipzig
1881 4591 1960 4646 1⁷89.
1979 4593 2027 4646 ml.
2046 4593 2092 4650 lv.
2109 4611 2136 4660 p.
2155 4595 2203 4650 ⁸5.

759 4671 799 4734 (5)
819 4672 998 4734 llowalrip,
1017 4672 1036 4724 l.
1056 4690 1080 4724 c.
1099 4690 1124 4734 p.
1144 4673 1204 4727 loa.

758 4759 799 4826 (s)
818 4761 914 4824 Bell,
933 4761 1082 4824 Alabandlg.
1103 4761 1169 4810 tllrar
1187 4764 1211 4812 d.
1232 4765 1416 4812 liranklreiten
1435 4764 1461 4815 d.
1479 4761 1582 4814 Knoell.
1602 4781 1627 4828 p.
1647 4765 1692 4817 ll'l.

755 4849 797 4917 (Ἰ)
817 4867 841 4903 r.
860 4850 1031 4914 Waltlrer,
1050 4851 1078 4898 in
1098 4866 1122 4907 r,
1141 4850 1236 4902 Gracle
1256 4869 1284 4905 u.
1303 4869 1328 4909 v,
1347 4852 1471 4905 Waltlrer
1487 4851 1579 4936 lauru.
1599 4853 1647 4906 lld.
1666 4850 1743 4920 Xlll,
1762 4871 1787 4920 p.
1805 4855 1871 4912 869.
