4856 5896
1394 500 1445 574 ru

617 721 731 780 Omnes
754 714 844 796 igitur
867 712 980 776 ossium
1003 709 1109 788 morbi,
1132 709 1230 772 causis
1253 708 1376 774 internis
1399 710 1507 786 exorti,
1530 717 1624 774 tomm
1648 729 1759 792 corpus
1781 711 1958 792 gravissime
1988 711 2135 800 affecmm
2156 731 2224 776 esse

617 841 746 924 probant
770 859 805 900 ac
829 836 1002 900 difficillime
1026 841 1180 898 sonantur.
1227 834 1341 896 Contra
1364 834 1479 896 ossium
1502 833 1674 896 affectiones
1697 854 1760 912 eae,
1784 855 1861 918 quae
1885 836 1984 898 causis
2007 836 2139 898 extemis
2153 835 2224 898 elle-

620 977 685 1026 rtac
708 971 794 1037 smrt,
824 961 932 1050 exigua
954 965 1068 1020 tanturn
1091 977 1146 1038 per
1168 976 1201 1018 sc
1226 955 1346 1038 quidem
1374 955 1407 1018 in
1429 961 1494 1019 tcto
1525 956 1642 1040 reliquo
1673 977 1803 1040 corpore
1832 961 1989 1040 proterunt
2010 967 2226 1042 symptomatm

618 1107 717 1170 neque
740 1085 819 1147 enim
841 1082 954 1144 iunctio
980 1079 1089 1163 aliqua,
1112 1080 1150 1142 ad
1173 1081 1265 1141 vitam
1287 1079 1466 1142 servandam
1489 1081 1618 1162 gravior,
1641 1082 1849 1163 perturbatur,
1876 1102 1975 1165 neque
1997 1091 2127 1162 systema
2156 1102 2226 1144 ner-

619 1231 726 1273 vosum
747 1206 953 1270 velrorrrentius
976 1204 1132 1284 affligitur3
1162 1209 1292 1265 attamen
1322 1203 1480 1286 sequelae,
1510 1223 1587 1286 quae
1610 1203 1685 1267 tales
1715 1205 1889 1270 affectiones
1918 1205 2062 1288 consequi
2090 1214 2227 1287 possunt,

618 1334 699 1396 haud
721 1352 791 1394 raro
814 1328 1009 1410 gravissimae
1031 1335 1103 1390 sunt
1125 1327 1241 1410 ipsique
1263 1327 1343 1388 vitae
1366 1326 1534 1408 periculum
1556 1328 1699 1400 alicnmt;
1729 1329 1793 1390 sire
1824 1329 1906 1411 quod
1935 1329 1996 1392 vim
2025 1329 2228 1392 mechanicam

620 1460 650 1520 in
674 1475 787 1536 organa
811 1453 930 1516 ossibus
958 1450 1074 1512 inclusa
1097 1450 1146 1511 vel
1178 1450 1349 1529 adjacentia
1372 1458 1525 1528 exercent,
1554 1459 1586 1512 ut
1616 1459 1781 1544 exostcses·
1802 1453 1919 1516 interna
1947 1453 2041 1514 cranii
2068 1453 2228 1534 superficie

621 1588 753 1655 exortae,
775 1577 890 1638 laxatio
913 1575 1119 1638 vertebrarum
1152 1592 1315 1656 earumque
1339 1574 1435 1635 caries
1459 1583 1488 1636 et
1509 1575 1661 1651 necrosis,
1694 1575 1808 1638 ossium
1837 1577 1968 1639 thoracis
1997 1584 2027 1637 et
2056 1575 2153 1656 pelvis
2184 1575 2230 1636 di-

621 1705 788 1768 storsioncs
810 1699 998 1776 rhachiticac,
1022 1704 1052 1760 et
1074 1696 1192 1772 similia,
1223 1697 1287 1759 sive
1311 1697 1393 1780 quod
1416 1698 1500 1778 puris
1522 1698 1643 1760 nimiam
1666 1699 1878 1776 secretionem,
1907 1699 1988 1762 vires
2011 1700 2147 1780 corporis
2175 1717 2229 1760 ex-

621 1829 815 1900 haurientem‚
838 1823 1017 1905 producunt,
1040 1828 1074 1882 ut
1095 1839 1239 1882 necroses
1263 1821 1377 1883 ossium
1401 1821 1577 1884 interiorum
1599 1821 1649 1884 vel
1671 1821 1732 1884 lale
1755 1829 1901 1904 patentes.

783 1950 911 2028 Propter
933 1944 1115 2026 singularem
1138 1952 1309 2027 arctamque
1331 1963 1475 2006 vasorum
1498 1946 1755 2024 communionem,
1785 1966 1862 2030 quae
1880 1947 2052 2021 ¹intercedit
2081 1947 2158 2008 inter
2186 1954 2230 2007 te-

624 2076 683 2139 lam
707 2072 911 2146 medullarem,
935 2089 1054 2132 osseam
1078 2075 1108 2130 et
1130 2068 1321 2148 pericstcum,
1344 2074 1378 2129 ut
1401 2067 1563 2148 plnrinnnu
1585 2071 1641 2130 ltae
1663 2070 1741 2131 telae
1764 2071 1813 2132 rcl
1835 2091 1905 2146 una,
1927 2071 1976 2133 rel
1989 2071 2140 2150 deinceps,
2162 2070 2230 2129 bre-

623 2201 711 2263 vibus
734 2197 911 2260 intermissis
936 2193 1112 2267 intervallis,
1135 2191 1241 2252 morbo
1266 2191 1486 2270 corripiuntur;
1509 2192 1553 2252 sie
1576 2193 1739 2272 pericstitis
1763 2193 1846 2254 brevi
1869 2193 2096 2256 exsudatiouem
2125 2192 2230 2274 plasti-

625 2345 691 2387 cam
713 2323 744 2382 iu
765 2318 924 2399 superficie
948 2317 1026 2378 ossis
1048 2323 1201 2395 procreat3
1231 2314 1427 2376 irritationem
1456 2311 1605 2376 medullae
1635 2316 1771 2397 sequitur
1799 2317 1938 2378 tonnano
1968 2316 2151 2378 substantiae
2180 2335 2231 2378 os-

626 2467 705 2520 seae,
728 2442 876 2506 interdum
899 2447 995 2502 totum
1016 2457 1124 2500 cavum
1147 2433 1312 2498 medullarc
1335 2436 1492 2518 replentis;
1516 2437 1648 2502 medulla
1669 2440 1888 2520 suppuratione
1911 2439 1959 2500 rel
1982 2459 2154 2522 gangraena
2177 2439 2230 2500 de-

627 2576 740 2634 structa
762 2584 926 2628 necrosccs
949 2562 1027 2624 ossis
1050 2569 1095 2622 est
1118 2580 1224 2633 causam
1249 2566 1338 2642 atquc
1361 2560 1463 2622 omnia
1485 2561 1573 2622 etiam
1598 2561 1871 2644 pseudoplasmata,
1896 2571 1928 2625 ut
1952 2563 2043 2643 iungi,
2067 2563 2119 2646 qui
2133 2582 2232 2644 prope

627 2715 662 2756 os
685 2692 733 2754 vul
758 2692 788 2750 in
811 2689 963 2770 pericstco
986 2685 1171 2760 exoriuntur,
1194 2683 1310 2746 etiamsi
1333 2683 1401 2746 talis
1424 2686 1675 2767 metamorphosis
1699 2687 1798 2768 ipsum
1821 2707 1856 2750 os
1879 2707 1941 2750 nou
1954 2687 2142 2768 corripuerit
2165 2683 2235 2750 sola

626 2821 693 2897 ejus
716 2814 880 2877 imitatione
902 2807 1051 2890 sympathi
1062 2827 1166 2884 =apum
1190 2807 1369 2869 formatione
1391 2827 1490 2872 novae
1512 2808 1696 2872 substantiae
1719 2829 1834 2888 osseae,
1855 2810 2035 2874 loliolorum
2056 2809 2107 2876 val
2130 2811 2231 2891 spina-

626 2961 692 3004 rum
717 2939 756 3000 ad
779 2937 874 2999 instar
896 2935 926 2996 in
949 2941 1098 2995 tumorem
1127 2930 1322 3008 imminentis,
1352 2933 1515 3011 conjuncta
1538 2940 1617 2996 suut.
1669 2934 1762 3014 Quod
1785 2934 2030 2998 Cruveilhier
2051 2932 2107 3025 (l)
2130 2953 2234 3000 omncs

627 3063 751 3126 morbos
775 3059 889 3122 ossium
912 3055 1068 3137 propriam
1091 3073 1177 3114 suam
1198 3053 1302 3114 sedem
1325 3054 1356 3116 in
1379 3054 1513 3116 medulla
1537 3055 1647 3118 habere
1670 3057 1749 3136 dicit,
1772 3065 1853 3120 oerle
1875 3077 1938 3120 non
1961 3059 2034 3122 satis
2053 3059 2235 3140 circumspe-

629 3195 675 3248 cto
698 3185 742 3247 ita
759 3181 892 3262 judicat3
914 3177 986 3238 licet
1008 3176 1088 3260 enirn
1110 3177 1141 3238 iu
1163 3174 1295 3238 medulla
1318 3185 1349 3237 et
1370 3177 1532 3258 pericsteo,
1554 3185 1659 3260 utpote
1682 3181 1868 3272 nmtricibus‚
1890 3189 1924 3244 ut
1946 3183 1986 3244 ita
2009 3182 2123 3261 dicam,
2145 3200 2235 3244 raso·

630 3329 698 3373 ram
723 3306 844 3380 ossium,
868 3301 997 3364 celerius
1019 3298 1166 3380 procedat
1186 3298 1310 3362 morbus
1333 3307 1423 3382 atque
1445 3302 1476 3362 iu
1499 3311 1694 3384 conspectum
1715 3305 1824 3381 veniat,
1846 3325 1909 3367 non
1932 3312 2030 3368 tamen
2053 3305 2234 3386 intelligitur,

630 3403 684 3496 cur
706 3429 766 3493 tela
789 3445 885 3501 ossea,
908 3423 1054 3504 singulari
1077 3423 1138 3484 vita
1162 3429 1193 3484 et
1215 3423 1280 3503 ipsa
1303 3424 1447 3504 praedita,
1470 3425 1579 3487 codem
1601 3445 1664 3490 non
1687 3429 1821 3510 contingi
1843 3429 2030 3492 arbitramur.

790 3555 892 3633 erum
914 3547 1063 3610 elenrenta
1084 3547 1235 3626 organica,
1258 3565 1336 3628 quae
1358 3546 1389 3608 in
1411 3547 1547 3627 partibus
1570 3549 1713 3614 mollibus
1735 3573 1805 3614 cuna
1827 3553 1894 3616 aliis
1916 3552 1984 3616 telis
2006 3553 2169 3632 conjuncta
2186 3569 2236 3614 re-

631 3681 796 3764 periuntur,
819 3673 924 3738 eadem
947 3673 978 3734 in
1002 3671 1121 3734 ossibus
1145 3670 1417 3752 deprehendantur,
1440 3671 1564 3736 morbos
1587 3693 1708 3757 quoque
1731 3684 1839 3738 namra
1861 3695 1918 3740 sua
1939 3673 2061 3740 cosdem
2083 3693 2150 3738 esse
2180 3695 2237 3760 par

631 3816 685 3883 est,
707 3807 838 3867 mutatos
862 3794 1089 3881 quodammodo
1112 3801 1247 3858 texttrrae
1271 3794 1416 3876 singralari
1438 3796 1620 3860 conditione.
1655 3833 1698 3848 -
1735 3799 1863 3864 Omissis
1885 3800 1965 3864 vitiis
1987 3800 2102 3881 primae
2124 3800 2236 3866 loma·

630 3927 736 4001 tionis,
766 3941 843 4004 qnae
873 3941 1032 3982 nnmerum
1061 3920 1155 3998 magis
1178 3921 1370 4002 speciemque
1392 3928 1546 3984 externam
1568 3941 1658 4004 quam
1679 3928 1860 3986 structuram
1883 3923 1998 3988 ossium
2027 3929 2177 4006 spectant,
2206 3931 2238 3988 ct

633 4045 834 4120 laesionibus,
864 4061 942 4124 quac
973 4041 1088 4104 ossium
1110 4042 1330 4104 cohaerentiam
1354 4061 1520 4126 eorumque
1544 4046 1622 4108 inter
1643 4067 1677 4110 se
1700 4047 1944 4130 oonjrmcn'onem
1971 4045 2110 4126 turbant,
2138 4067 2238 4134 neque

633 4175 691 4254 ipsi
714 4179 784 4235 sunt
806 4166 914 4244 morbi,
936 4165 989 4229 sed
1013 4163 1189 4226 morborum
1214 4183 1331 4240 causae,
1353 4171 1387 4226 ut
1407 4167 1543 4244 vulnera,
1566 4170 1723 4246 fracturae,
1744 4169 1931 4249 luxationes,
1960 4205 2001 4220 -
2039 4172 2158 4236 omissis
2181 4172 2237 4254 igi·

633 4301 682 4356 tur
703 4294 749 4355 his
779 4292 931 4368 omnibus,
959 4290 1051 4352 haece
1074 4287 1106 4350 in
1128 4286 1247 4352 ossibus
1271 4287 1534 4369 deprehenduntur
1556 4294 1803 4360 commutationes
1826 4294 2002 4373 morbosae,
2034 4295 2097 4358 sita
2125 4297 2237 4360 torma-

635 4419 696 4480 tira
718 4415 768 4478 rel
792 4423 888 4489 aucta,
910 4413 960 4474 rel
983 4413 1137 4489 diminuta,
1159 4411 1208 4474 vel
1231 4411 1361 4474 alienata
1383 4413 1515 4478 effectae.

634 4567 954 4592 ffl—

796 4678 835 4744 (l)
856 4678 1099 4740 crurailhirr,
1118 4689 1188 4731 anat.
1207 4683 1316 4745 pathah,
1338 4683 1380 4736 Ν.
1399 4684 1535 4748 lia-raison,
1552 4694 1600 4740 art.
1620 4687 1748 4736 maledica
1766 4687 1799 4736 dc
1817 4687 1844 4735 la
1862 4687 1976 4738 colonae
1994 4687 2155 4742 venabula.
