4784 5894
946 555 1020 640 Μ

194 767 349 850 sauguinis
371 775 473 851 partes
494 769 731 852 resorberentor,
752 776 928 834 mmaneret.
984 769 1015 832 J.
1037 768 1073 834 F.
1100 767 1256 833 Merkel
1279 765 1331 846 (l)
1353 783 1622 832 rememorem
1643 773 1798 848 percocto·

118 887 130 902 ‘
193 911 262 955 rum
284 893 499 972 mastomosin,
522 893 554 958 iu
576 894 771 958 concretione
791 861 939 977 parietum
961 892 1098 975 ipsorum
1119 893 1257 976 positam,
1279 890 1346 956 beri
1374 891 1499 954 omniuo
1527 909 1592 954 uon
1618 909 1710 973 posse
1739 910 1796 974 pu·

192 1021 249 1091 tat3
278 1031 373 1099 quare
395 1023 429 1079 ut
450 1017 558 1081 existat
578 1017 697 1097 reunio,
717 1035 814 1082 novas
836 1023 940 1100 partes
960 1017 1072 1081 exoriri
1079 1063 1088 1096 ‚
1117 1015 1225 1100 quibus
1248 1022 1350 1099 partes
1372 1021 1529 1096 separatae
1557 1014 1636 1077 iuter
1664 1033 1699 1078 se
1723 1015 1796 1095 jun·

191 1145 308 1219 gantur,
330 1159 455 1218 necesse
477 1147 588 1205 censet
610 1141 698 1204 ·lias
727 1147 827 1204 autem
853 1141 935 1222 ipsas
963 1147 1065 1222 partes
1094 1159 1190 1204 novas
1213 1139 1326 1222 duplici
1347 1139 1466 1202 ratione
1493 1138 1606 1203 exoriri
1634 1137 1714 1213 vult3
1744 1143 1795 1199 aut

190 1279 255 1325 non
277 1263 439 1328 accedente
460 1264 706 1344 inflammatione,
729 1283 747 1328 e
770 1265 917 1345 sanguiue
939 1263 1044 1358 eiiuso,
1067 1265 1119 1346 qui
1140 1270 1316 1327 concrescat
1340 1269 1429 1347 atque
1449 1263 1481 1324 in
1498 1269 1600 1344 partes
1622 1279 1693 1324 suas
1710 1277 1794 1323 sece-

192 1385 253 1462 dat,
275 1385 428 1469 lympham
450 1387 649 1468 coagulatam,
671 1388 743 1450 dum
764 1388 981 1451 resorbeantur
998 1394 1101 1468 partes
1124 1388 1247 1466 rubrae,
1269 1355 1441 1462 reinauerm
1470 1393 1536 1464 aot,
1558 1384 1585 1448 si
1606 1386 1665 1448 hoc
1687 1391 1795 1446 namra

192 1510 313 1592 mseqoi
333 1529 397 1572 nou
419 1511 560 1591 potuerit,
582 1511 847 1574 inflammationem
869 1510 980 1574 exoriri
1002 1510 1215 1594 lymphamque
1236 1509 1393 1591 plasticam
1415 1509 1557 1572 exsudari
1574 1505 1793 1589 ctorgauimri.

190 1633 374 1713 Smgumm
396 1633 526 1716 primum
548 1635 703 1698 reuuiouis
720 1633 891 1706 ,remedium
913 1651 993 1711 esse,
1017 1635 1083 1714 jam
1104 1635 1296 1697 Tlromsou
1318 1631 1374 1717 (2)
1405 1633 1436 1695 in
1459 1631 1674 1696 dubitationem
1702 1649 1793 1694 voca·

190 1757 249 1830 vit;
273 1755 517 1840 recentioresque
539 1757 671 1839 chirurgi
692 1777 797 1822 omnes
820 1757 1027 1834 consentiunt,
1055 1757 1201 1838 sauguine
1223 1757 1398 1842 munionem
1421 1755 1559 1836 impediri
1586 1755 1681 1835 magis
1704 1773 1793 1837 quam

194 1879 348 1960 adjuvari3
371 1899 465 1962 quare
487 1899 550 1944 nou
572 1881 658 1962 prius
680 1899 751 1944 oras
773 1879 909 1943 vulneris
931 1879 1018 1956 uniri,
1042 1899 1132 1962 quam
1154 1881 1275 1961 sanguis
1290 1879 1385 1943 emitti
1406 1880 1538 1958 cessarit,
1562 1875 1792 1961 atqueelueudo

190 2003 268 2066 bene
290 2022 342 2066 eas
364 2000 487 2086 purgari
505 2003 627 2084 jubeam
648 2023 741 2086 quum
763 2023 781 2066 e
803 2009 910 2067 contra
931 2004 1094 2081 lluoter,
1116 2022 1154 2066 ex
1182 2003 1327 2086 opinione
1349 2023 1419 2083 sua,
1442 2003 1618 2085 sanguinem
1647 2019 1710 2066 nou
1739 2001 1792 2063 ab·

191 2125 381 2206 mergendum
404 2145 470 2189 esso
493 2127 644 2190 censebat.

80 2327 85 2333 Ι
198 2235 203 2246 ’
350 2229 565 2332 [experimere
584 2249 755 2314 novissimis
777 2250 970 2333 temporibus,
993 2250 1170 2332 praeprimis
1193 2270 1213 2312 a
1234 2253 1479 2333 Dupuytreu,
1508 2249 1675 2333 Nepple,
1704 2253 1791 2312 Bra·

191 2375 292 2452 obet,
316 2375 567 2438 Moutialcon
596 2371 651 2459 (3)
679 2373 891 2452 Paelice),
924 2373 1098 2437 Geudrio
1122 2374 1174 2452 (ὃ)
1197 2377 1288 2451 iacta,
1322 2374 1437 2436 nullum
1462 2375 1528 2454 jam
1555 2373 1696 2438 videntur
1722 2372 1792 2434 reli-

191 2498 293 2580 quisse
328 2497 558 2574 dubitationem,
591 2497 664 2581 quin
693 2504 795 2578 partes
818 2498 978 2577 organicae
1011 2500 1166 2578 sejunctae
1193 2515 1313 2579 semper
1343 2517 1426 2561 nova
1454 2498 1590 2582 quadam
1621 2497 1794 2560 membrana

189 2623 306 2704 (sausse
328 2619 518 2705 membrano)
542 2621 744 2690 intercedente
765 2621 954 2695 remriautur;
977 2639 1056 2702 quae
1076 2621 1250 2684 membrana
1271 2627 1371 2684 orum
1391 2621 1481 2684 aaut
1505 2641 1544 2685 ex
1560 2622 1793 2684 inflammatione

191 2751 236 2822 et,
259 2745 424 2808 secundum
449 2743 620 2806 Geudrin
650 2741 714 2827 (li),
736 2743 834 2824 primo
858 2741 907 2804 die
934 2741 1102 2805 substantia
1129 2744 1368 2820 subrubicrmda‚
1389 2747 1608 2808 semioouoreta
1635 2747 1790 2821 conatur,

190 2868 304 2932 senum
327 2867 457 2944 densior,
481 2885 520 2930 ex
543 2865 745 2969 albo-grisea
766 2871 856 2948 utque
884 2865 1037 2946 pellucida
1066 2866 1107 2944 iil,
1135 2866 1277 2947 vasisque
1303 2866 1460 2928 iustmitur
1487 2853 1689 2948 capillaribus,
1714 2887 1793 2950 quae

189 3011 260 3055 cum
281 2989 362 3054 v'aeis
384 2991 515 3072 partium
533 2991 731 3053 discissarum
753 2989 995 3051 communionem
1018 2987 1130 3050 incunt
1176 2991 1244 3051 lloc
1274 2989 1408 3052 omnium
1433 2991 1562 3053 mmime
1589 2992 1791 3073 perspicuum,

189 3115 486 3199 indeque-maturius
510 3133 600 3196 quam
622 3114 654 3176 iu
676 3113 800 3216 reliquis
820 3112 958 3194 partibus
979 3113 1134 3192 coguitmu
1156 3113 1254 3176 estin
1276 3113 1451 3178 vulneribus
1473 3115 1640 3178 ossium-
1685 3117 1792 3178 Utrum

130 3205 136 3213 Ι
189 3257 273 3318 vero,
295 3240 340 3302 uti
361 3238 469 3302 asserit
489 3239 720 3319 Dupuytren
750 3236 813 3322 (7),
841 3238 915 3298 haec
937 3236 1102 3298 substantia
1124 3236 1300 3299 intermedia
1321 3255 1441 3320 semper
1461 3240 1557 3320 magu
1586 3239 1723 3304 minusve
1751 3240 1792 3303 si·

189 3365 268 3427 mdis
290 3363 329 3426 sit
350 3362 430 3443 parti
450 3363 562 3441 laesae,
585 3381 624 3423 an
645 3361 754 3438 minus,
775 3361 843 3438 boo,
858 3365 985 3441 'praeter
1004 3361 1095 3422 telam
1116 3379 1243 3438 osseam,
1266 3381 1356 3445 quam
1377 3363 1515 3426 cicatrice
1536 3383 1612 3428 vero
1631 3381 1722 3428 ossea
1744 3381 1791 3426 re·

189 3488 239 3550 tici
261 3493 387 3562 consul,
409 3484 449 3550 de
471 3486 557 3549 nulla
578 3485 638 3548 tela
659 3487 815 3567 bucusque
838 3492 922 3548 certo
945 3485 1141 3564 dijudicatum
1163 3491 1210 3547 est
1232 3483 1296 3569 (Β).
1320 3519 1364 3533 -

351 3614 430 3673 Ossa
458 3611 552 3674 tribus
574 3609 763 3691 potissimm
791 3609 888 3672 modis
917 3607 1092 3683 laeduntur3
1121 3615 1173 3670 aut
1203 3610 1385 3690 apartibus
1414 3611 1556 3674 mollibus
1586 3612 1791 3691 adjacentibus

189 3739 374 3816 separanmr,
398 3740 449 3797 aut
470 3751 576 3798 eorum
586 3741 678 3796 tenor
698 3732 762 3796 sive
779 3732 959 3795 continuitas
980 3730 1117 3812 laeditur,
1139 3738 1192 3796 aut
1213 3733 1341 3817 denique
1362 3733 1558 3798 vulnerantur
1579 3735 1628 3810 ita,
1647 3741 1680 3796 ut
1702 3736 1791 3799 simul

189 3859 372 3922 substantiae
394 3877 468 3922 suae
491 3855 604 3939 aliquid
626 3856 771 3926 amittunt.

351 4191 392 4262 (1)
412 4197 566 4258 Merkel,
585 4195 684 4260 patlrol.
703 4195 851 4247 Auatomie.
870 4195 919 4248 Bu.
938 4193 972 4248 ll.
991 4195 1068 4246 Abtb.
1088 4193 1114 4247 2.
1132 4211 1160 4258 p.
1178 4191 1224 4250 ti.

351 4279 394 4351 (2)
412 4285 598 4345 Thomsou,
619 4287 685 4333 niter
702 4284 889 4344 unrzundung,
906 4299 932 4336 a.
952 4285 974 4331 cl.
997 4284 1066 4346 rugi.
1085 4300 1138 4332 rou
1156 4285 1337 4345 Krukenberg.
1357 4284 1387 4334 Τ.
1407 4285 1429 4336 1.
1448 4301 1476 4347 p.
1493 4283 1557 4338 326.

350 4367 391 4434 (3)
410 4373 641 4435 uiontlalcon,
659 4373 722 4426 dict.
742 4369 787 4422 des
805 4387 841 4420 sc.
861 4371 931 4424 rne'rl.
950 4380 969 4424 t.
989 4370 1033 4426 48,
1053 4379 1099 4427 orl,
1117 4372 1240 4434 reunion,
1258 4389 1310 4434 quo
1328 4373 1387 4420 loco
1405 4371 1578 4437 Dupuytren‚
1597 4373 1711 4441 Nrpple,
1729 4379 1790 4428 Bra·

190 4464 252 4512 obet
269 4461 422 4520 incidantur.
815 4483 818 4489 ·
1099 4487 1102 4496 v

351 4541 393 4620 (4)
413 4549 528 4610 Pauli,
547 4550 580 4598 de
599 4551 753 4599 vulneribus
772 4550 905 4601 sanandis.
942 4550 1057 4610 Gotting.
1078 4545 1155 4598 1825.
1175 4565 1201 4612 p.
1223 4548 1257 4598 12
1274 4564 1311 4612 so.

251 4662 256 4670 -
350 4629 390 4702 (5)
411 4633 583 4698 Geudriu,
602 4647 673 4688 auat.
692 4639 889 4699 lleschreibung
906 4637 953 4685 ‹lrr
969 4637 1150 4706 Entzdndung
1175 4637 1232 4686 unu
1257 4637 1329 4688 ihrer
1347 4637 1450 4706 b'olgeu
1467 4641 1496 4688 iu
1515 4641 1565 4689 den
1585 4641 1790 4690 verscbiedeneu

194 4726 338 4787 (demebas,
357 4739 382 4778 a.
401 4723 427 4776 d.
444 4724 528 4776 tana.
548 4739 573 4777 r.
592 4725 704 4776 lindius.
740 4727 839 4790 Leipt.¹
854 4725 932 4780 18²⁰.

248 4876 251 4885 Ι
351 4807 392 4878 (o)
412 4812 477 4882 usu.
498 4820 559 4866 rom.
579 4813 615 4863 11.
635 4829 661 4876 p.
680 4813 742 4870 reu.
846 4863 850 4876 ,
874 4855 878 4864 .

351 4897 392 4964 (l)
413 4899 633 4963 Dupuytrrn.
652 4902 686 4952 ci.
706 4903 767 4954 dict.
788 4905 832 4952 des
852 4919 886 4960 sc.
905 4903 974 4960 me'd,
994 4911 1013 4955 t.
1031 4902 1074 4953 48.
1095 4910 1144 4952 art.
1164 4903 1286 4958 re'uuioo.
1305 4918 1332 4966 p.
1351 4901 1413 4958 243.

351 4983 392 5056 (u)
412 4987 484 5040 coni.
503 4989 672 5051 Mueller,
691 4989 866 5054 Physiologie,
902 4991 950 5048 uu.
968 4994 991 5043 1.
1011 4993 1088 5043 nuru.
1108 4993 1131 5050 1.
1149 5007 1175 5056 p.
1194 4989 1248 5042 8⁷⁵
1265 5005 1303 5055 aq.
