4856 5896
1304 487 1419 624 'll

590 763 745 828 continent
766 763 958 838 atheromata,
979 759 1107 824 similem
1129 759 1329 836 continebant,
1352 757 1429 820 aliae
1451 756 1593 836 callosae,
1610 758 1718 836 siccae,
1740 759 1897 822 coriaceae
1919 765 2012 838 crant,
2034 757 2111 824 aliae
2127 769 2193 824 c'ar·

591 887 763 967 tilagineae,
786 887 862 948 aliae
886 885 1014 968 denique
1037 902 1144 948 osseae
1166 889 1196 946 et
1226 883 1265 945 ad
1287 883 1359 945 terri
1380 888 1492 945 tactum
1513 889 1689 964 strepentes.
1733 881 1780 946 Ao
1801 885 1939 965 prolecto
1960 884 2126 948 stadiorum
2147 903 2196 948 se·

589 1011 658 1088 ries,
680 1029 770 1093 quam
791 1011 847 1090 bae
869 1008 1077 1072 concretiones
1099 1013 1286 1088 percurrunt,
1308 1007 1350 1068 ita
1371 1007 1477 1068 similis
1499 1013 1545 1070 est
1567 1005 1603 1082 ei,
1625 1025 1685 1088 qua
1707 1006 1782 1068 fiunt
1803 1026 1877 1070 uera
1898 1027 1977 1085 ossa,
1998 1014 2032 1070 ut
2052 1025 2116 1072 non
2137 1008 2194 1071 mi·

591 1133 682 1210 reris,
711 1153 729 1196 a
756 1133 909 1215 pluribus,
937 1139 970 1194 ut
998 1130 1150 1208 llaller,
1172 1150 1244 1193 van
1266 1129 1560 1215 lleekerenss),
1588 1129 1745 1192 Meckel
1773 1129 1812 1193 de
1839 1137 1948 1194 natura
1969 1132 2195 1196 concretionem

591 1276 663 1318 vere
688 1275 777 1320 ossea
799 1257 869 1318 inde
892 1255 1070 1319 conclusum
1093 1273 1169 1318 esse.
1215 1253 1358 1330 Accedit,
1386 1252 1469 1335 quod
1498 1252 1530 1314 in
1559 1253 1699 1316 omuibus
1720 1254 1856 1335 organis,
1878 1274 2007 1336 quorum
2029 1253 2194 1340 ossilicatio

591 1381 751 1442 observata
772 1387 826 1455 est,
847 1399 965 1442 massae
987 1398 1108 1461 quoque
1129 1377 1340 1457 cartilagineae
1362 1383 1482 1458 praeter
1503 1383 1641 1440 naturam
1662 1383 1787 1440 exortae
1806 1377 1920 1459 passim
1940 1377 2024 1442 visae
2041 1376 2192 1462 sunto),

590 1523 668 1586 quae
690 1523 781 1585 saepe
803 1523 872 1566 cum
893 1503 1097 1566 ossilicatione
1119 1501 1244 1563 aliarum
1267 1500 1397 1590 pprtium
1419 1502 1600 1581 conjunctae
1622 1505 1715 1578 erant,
1736 1500 1886 1566 interdum
1914 1502 1998 1582 ipsae
2025 1502 2134 1583 partim
2160 1503 2193 1566 in

484 1671 488 1679 .
590 1626 683 1690 subst
713 1647 832 1691 osseam
860 1627 994 1689 abierant
1022 1624 1089 1709 (3);
1121 1626 1194 1707 quin
1221 1645 1294 1687 van
1323 1622 1524 1688 Heekeren
1552 1622 1628 1688 tales
1656 1631 1757 1705 partes
1787 1625 1954 1688 ossilicatas
1976 1625 2063 1690 acido
2085 1626 2192 1690 nibico
2260 1622 2266 1634 '

589 1750 744 1814 immersas
766 1771 892 1832 prorsus
915 1752 1020 1813 eadem
1042 1749 1167 1826 ratione,
1190 1755 1279 1832 atque
1301 1768 1374 1811 vera
1396 1767 1475 1826 ossa
1498 1747 1676 1811 commutari
1697 1748 1786 1822 vidit;
1808 1747 1917 1812 solutis
1938 1767 2047 1830 nempe
2058 1749 2191 1830 partibus

589 1874 695 1936 terreis
717 1875 883 1937 substantia
903 1874 1070 1954 gelatinosa
1098 1874 1252 1935 immutata
1272 1872 1505 1954 relinquebatur.
1551 1871 1734 1952 conspirare
1755 1872 1895 1935 videntur
1916 1873 1990 1936 baec
2010 1880 2191 1954 argumenta

589 1997 629 2057 ad
650 1997 837 2076 probandam
858 2005 994 2059 naturam
1017 1996 1243 2059 concretionum
1264 2013 1335 2058 vere
1357 2013 1489 2070 osseam;
1511 2001 1650 2057 neutum
1672 2002 1771 2060 tamen
1794 1996 1911 2058 adeam
1927 1996 2114 2077 probandam
2128 1998 2191 2060 sul-

589 2119 658 2181 ficit
703 2119 756 2180 Nil
779 2121 857 2182 enim
880 2121 1009 2181 innotuit
1031 2121 1068 2182 de
1091 2127 1241 2182 structura
1262 2120 1368 2181 barum
1390 2119 1611 2198 cartilaginum,
1639 2137 1714 2200 quas
1736 2127 1860 2194 vocant;
1889 2119 2016 2203 solaque
2044 2121 2189 2186 densitate

588 2261 623 2303 ac
645 2243 782 2305 firmitate
812 2251 843 2306 et
869 2244 974 2306 colore
1003 2243 1104 2304 albido
1127 2243 1176 2304 vel
1199 2241 1377 2304 flavescente
1405 2241 1515 2303 lactum
1538 2248 1591 2319 est,
1614 2247 1646 2304 ut
1668 2241 1728 2304 boc
1749 2243 1871 2306 nomine
1893 2244 2078 2320 indemnatum
2100 2253 2189 2328 atque

587 2366 671 2448 quod
692 2387 762 2428 van
784 2367 980 2429 lleekeren
1002 2365 1055 2447 (l)
1079 2366 1204 2428 eandem
1226 2373 1423 2447 utrorumque
1445 2365 1617 2448 qualitatem
1639 2365 1801 2428 chemicam
1822 2368 1949 2445 invenit,
1978 2389 2015 2430 ea
2044 2389 2106 2432 non
2129 2370 2188 2434 soli

588 2489 771 2551 substantiae
794 2507 908 2567 osseae,
930 2490 985 2551 sed
1007 2489 1146 2553 omnibus
1170 2489 1233 2549 iere
1256 2489 1513 2571 qualibuscunque
1542 2490 1775 2568 concrementis,
1802 2509 1879 2572 quae
1908 2492 1940 2552 in
1967 2512 2097 2573 corpore
2125 2496 2187 2555 ani·

588 2612 732 2674 montium
760 2615 965 2693 reperiuntur,
994 2613 1119 2693 propria
1149 2619 1209 2686 est;
1238 2613 1361 2694 ipseque
1391 2633 1458 2674 cam
1487 2612 1646 2676 observari
1667 2613 1699 2674 in
1721 2615 1954 2691 concrementis,
1984 2616 2077 2678 durae
2100 2620 2187 2680 matri

590 2743 732 2817 tanquam
754 2735 915 2814 instillatis,
945 2757 1021 2818 quae
1051 2735 1262 2816 crystallorum
1292 2735 1457 2814 agminibus
1485 2735 1573 2798 nudis
1592 2738 1657 2816 jam
1679 2735 1776 2799 oculis
1799 2737 2018 2818 conspiciendis
2041 2742 2186 2804 conflatae

589 2867 684 2924 erant.
714 2893 755 2908 ·-
787 2860 867 2941 Quin
895 2879 933 2921 ne
963 2860 1147 2921 accuratiore
1177 2859 1297 2941 quidem
1326 2859 1458 2920 chemica
1479 2859 1694 2941 disquisitione,
1717 2861 1800 2942 quod
1821 2865 2000 2943 quaerimus,
2030 2865 2187 2945 dijudicari

587 2992 700 3065 potest;
729 3003 800 3046 nam
828 2993 857 3045 ct
886 3003 957 3045 ossa
986 2990 1016 3043 et
1046 2989 1256 3044 concrementa
1283 2981 1337 3062 (5)
1367 2981 1496 3043 calcaria
1523 2983 1650 3043 maxime
1678 2985 1800 3046 carbon.
1830 2994 1861 3047 et
1888 2987 2013 3066 plrosplr.
2039 2997 2184 3066 constant,

585 3109 772 3189 partiumque
795 3113 960 3167 terr-earum
983 3111 1043 3165 tam
1066 3105 1144 3165 inter
1164 3125 1197 3166 se
1220 3125 1309 3184 quam
1332 3104 1371 3165 ad
1393 3105 1536 3167 animales
1559 3105 1590 3167 in
1612 3106 1745 3189 utrisque
1767 3107 1957 3171 multifariam
1979 3111 2077 3174 differt
2098 3116 2184 3190 ratio,

585 3231 715 3306 adeout,
738 3227 794 3291 etsi
809 3235 1003 3310 utrorumque
1026 3227 1158 3289 clremica
1180 3227 1360 3308 compositio
1382 3248 1508 3308 prorsus
1530 3231 1635 3290 eadem
1646 3230 1691 3307 sit,
1714 3207 1839 3312 cogitari
1853 3241 1952 3296 tamen
1965 3236 2069 3314 possit,
2093 3237 2123 3298 in
2137 3239 2182 3300 bis

585 3355 664 3416 sales
688 3373 756 3414 cum
777 3371 876 3428 muco,
899 3349 1049 3415 albumiue
1072 3352 1249 3414 commixtos
1272 3357 1384 3414 tautum
1408 3370 1482 3428 esse,
1506 3353 1537 3414 in
1558 3353 1618 3415 illis
1641 3375 1713 3416 vero
1737 3355 1767 3418 in
1790 3377 1882 3419 unum
1904 3359 1989 3440 quasi
2012 3369 2182 3424 contextum

585 3479 759 3558 organicum
783 3477 899 3539 abiisse.

585 3669 904 3688 -υ--ι-Δ-ι--Ψι

744 3793 787 3866 (l)
806 3817 868 3850 ran
886 3801 1092 3864 fleckeisen,
1110 3801 1143 3849 de
1162 3803 1323 3862 osleogcuesi
1342 3803 1567 3862 pmelcrnalurnli.
1602 3803 1667 3863 Lgcl.
1692 3805 1783 3855 llalar.
1809 3804 1888 3857 1797.
1924 3807 2013 3856 Germ.
2039 3809 2082 3856 in:
2119 3811 2179 3857 Ver·

580 3889 690 3938 tulachle
700 3889 819 3950 Beilrilgc
831 3906 878 3938 zur
887 3891 1063 3950 Beibrtleruug
1073 3891 1119 3936 aler
1127 3891 1245 3938 Keuntn.
1257 3891 1310 3937 arud
1321 3891 1495 3952 llelramllung
1504 3891 1549 3938 der
1559 3892 1872 3944 Knoclrenlranllreiten.
1892 3895 2003 3944 lireslau
2012 3895 2089 3950 1803.
2100 3914 2125 3960 p.
2134 3897 2178 3950 55.

741 3971 781 4040 (2)
801 3978 875 4027 Comi.
894 3977 1028 4024 ltlecllel
1048 3977 1067 4028 l.
1082 3994 1105 4027 c.
1124 4001 1159 4013 -
1178 3979 1206 4028 P.
1226 3977 1273 4028 lll.
1291 3977 1336 4025 lili
1348 3979 1531 4041 ‹leleudorqq
1551 3981 1612 4032 diss.
1633 3982 1760 4029 exhibens
1774 3987 1957 4050 osteogeuesin
1971 4000 2059 4034 sanam
2074 3995 2178 4036 etmar-

579 4065 678 4116 bosam.
716 4063 796 4112 Grorr.
816 4062 895 4114 18³².

739 4150 780 4218 (3)
798 4151 993 4212 blorgagni,
1013 4153 1045 4199 ale
1063 4152 1119 4204 secl.
1139 4161 1165 4200 et
1183 4169 1255 4205 coris.
1274 4155 1356 4204 morl».
1375 4167 1416 4216 ep.
1435 4156 1492 4210 XL.
1512 4155 1624 4213 ataid.
1646 4183 1675 4193 -
1696 4158 1832 4210 Meekel
1850 4161 1869 4212 l.
1889 4177 1911 4210 c.
1932 4177 1957 4222 p.
1966 4159 2028 4216 201.
2046 4163 2108 4218 20⁴.
2128 4175 2178 4215 cle.

738 4235 780 4306 (4)
801 4258 825 4292 r.
846 4241 1044 4302 Heekeren,
1063 4242 1082 4294 l.
1103 4257 1126 4293 c.
1146 4259 1170 4302 p.
1191 4240 1235 4294 93.

737 4325 777 4391 (5)
797 4329 942 4391 lplrolcu
962 4329 1041 4388 (llice-r
1059 4329 1109 4377 alen
1129 4331 1306 4394 seminamus,
1325 4333 1442 4382 Dreselen
1465 4331 1543 4398 1817)
1564 4345 1777 4386 concremenlum
1803 4355 1906 4388 osseum
1930 4355 1944 4386 e
1963 4337 2091 4401 glandula
2111 4343 2176 4404 tlryr.

575 4420 688 4468 bominis
707 4419 799 4465 cratini
819 4419 968 4466 assumtum
986 4427 1103 4466 constare
1122 4421 1239 4468 invenit:

1056 4508 1126 4559 Calc.
1154 4509 1261 4560 cnrlrnn.
1306 4545 1312 4559 .
1352 4548 1358 4560 .
1398 4548 1404 4562 .
1444 4547 1450 4559 .
1490 4549 1496 4562 .
1536 4546 1542 4558 .
1580 4550 1587 4566 ,
1642 4509 1694 4576 543

1078 4619 1114 4631 -
1149 4597 1259 4659 plrosplr.
1306 4634 1586 4650 .......
1640 4599 1678 4648 30

1053 4685 1190 4733 ΑΙΙηιπιὶιιὶ
1194 4703 1584 4740 .........
1641 4685 1676 4735 10

1051 4773 1154 4821 Salium
1209 4807 1582 4825 .........
1655 4775 1673 4822 4

945 4875 949 4886 ·
1048 4858 1111 4913 Mat.
1131 4863 1242 4909 arnissne
