4856 5896
1021 549 1048 620 9
1093 605 1096 614 .

389 759 463 838 Qua
484 755 600 820 ratione
623 753 768 836 cartilago
796 755 828 816 in
857 772 894 818 es
924 753 1025 834 abeat,
1055 755 1214 840 opiniones
1242 772 1333 839 quum
1362 755 1491 820 mamma
1519 756 1622 822 varim
1650 761 1835 842 mangenae

232 884 310 948 auat
354 878 498 942 Bastar
521 875 577 964 (Ι)
605 877 838 942 ossificationem
866 899 1009 944 vasonum
1030 880 1297 947 maternorum
1323 880 1666 968 compressionemque
1694 883 1834 950 oblitera-

232 1003 314 1068 tione
337 1003 402 1065 lieri
424 1001 529 1067 volarit
575 1002 672 1066 Etiam
694 1003 835 1067 Menre
856 1001 909 1083 (2)
936 1003 1064 1068 multum
1092 1004 1131 1069 ad
1154 1003 1387 1070 ossiticationem
1415 1005 1518 1070 valere
1546 1007 1662 1090 putant
1688 1028 1834 1091 pressum,

234 1127 283 1190 rari
306 1145 377 1190 oasa
400 1127 537 1210 exposita
558 1125 627 1200 sint,
649 1146 685 1189 ae
706 1135 863 1208 praeterea
884 1127 1066 1208 peculiarem
1090 1127 1238 1212 quendam
1260 1149 1399 1204 succum,
1430 1127 1469 1192 ari
1490 1131 1715 1196 concretionem
1738 1141 1767 1196 ct
1790 1133 1834 1194 in-

233 1250 421 1315 durationem
443 1248 610 1332 proclivem
632 1270 652 1312 a
672 1249 753 1312 vasis
776 1245 930 1314 arteriasis
952 1253 1068 1314 secerni
1090 1253 1213 1334 putavit
1265 1253 1323 1316 Du
1345 1251 1477 1316 llamel
1501 1251 1551 1334 (3)
1580 1254 1745 1338 lympham,
1775 1277 1834 1338 qna

232 1375 425 1438 humectetur
442 1372 596 1454 cartilago,
618 1393 815 1439 concrescere
838 1394 938 1455 posse,
959 1385 990 1436 et
1011 1376 1207 1444 substantiam
1228 1383 1357 1438 terream
1380 1375 1410 1438 in
1433 1375 1524 1440 telam
1545 1376 1723 1442 cellulcsam
1740 1380 1833 1460 depc-

234 1497 320 1562 nnn
343 1515 409 1560 asse
431 1497 598 1560 arbitratur.
644 1496 792 1560 Walter
815 1496 866 1580 (i)
889 1498 966 1562 banc
988 1498 1077 1562 babet
1099 1499 1280 1582 opinionem,
1303 1500 1334 1562 in
1357 1501 1484 1562 arterias
1504 1500 1726 1582 camilagirrem,
1757 1520 1834 1586 qnae

233 1620 340 1694 senus,
363 1640 453 1704 quarn
475 1619 583 1704 reliqui
604 1622 752 1704 eorporis,
775 1621 1003 1703 amplificentur,
1025 1631 1126 1704 partes
1147 1631 1262 1686 terreas
1283 1623 1404 1702 intrudi,
1425 1625 1588 1688 etsensim
1611 1625 1750 1690 &musis
1769 1635 1834 1688 tan-

234 1743 364 1826 demque
384 1745 480 1827 neptis
502 1741 678 1809 mteriarum
699 1745 863 1826 parietibus
886 1746 917 1810 in
939 1745 1135 1810 snbstann'am
1157 1745 1381 1826 cartilaginem
1401 1748 1504 1810 enntb

394 1866 455 1930 Sed
477 1876 546 1933 ante
568 1868 671 1932 omnia
686 1868 905 1934 confidendum
928 1879 1005 1932 crat:
1034 1878 1135 1934 ntrrrm
1157 1869 1302 1950 cartilago
1324 1887 1433 1932 reuera
1452 1872 1484 1932 in
1506 1891 1543 1936 es
1564 1883 1771 1949 comnrntenn,
1796 1895 1833 1936 arr

234 2011 313 2058 noea
336 1989 466 2073 quadam
488 1991 667 2055 formatione
689 2011 726 2056 os
748 1994 779 2056 iu
801 1994 869 2072 ejus
890 1993 992 2056 loerrm
1014 1992 1165 2058 succedat
1211 1992 1241 2056 N
1248 1994 1377 2068 esbitt‚
1400 1992 1616 2078 plerorumque
1637 1998 1752 2060 ossium
1769 2017 1834 2060 car-

234 2114 373 2194 tilaginea
396 2114 562 2197 primordia
582 2134 704 2196 negans,
734 2114 838 2178 eadem
861 2114 900 2182 ad
923 2115 1110 2198 epipbysium
1143 2135 1263 2200 quoqne
1292 2117 1526 2180 oasificationem
1552 2118 1665 2182 nulline
1693 2121 1836 2182 momenti
1944 2118 1947 2127 '

235 2257 302 2305 esse
325 2236 499 2312 arbitratum
521 2240 581 2322 qni,
603 2257 770 2322 qnnmnon
793 2239 910 2318 sugeret
931 2257 1000 2302 cum
1023 2257 1168 2300 rasorum
1190 2239 1385 2322 copiosorum
1408 2241 1557 2316 tornutio,
1579 2240 1678 2304 nuclei
1701 2243 1782 2304 ossei
1805 2244 1836 2304 in

235 2362 280 2424 nis
303 2361 438 2442 partibus
461 2361 732 2429 conformationem
754 2361 948 2438 antecedens,
974 2364 1045 2440 jnre
1074 2362 1242 2444 meritoque
1265 2361 1448 2425 contendere
1469 2361 1527 2425 sibi
1547 2361 1717 2437 videbatur,
1747 2365 1836 2445 plane

235 2505 347 2546 imaum
370 2483 441 2566 quid
463 2486 494 2546 in
518 2471 691 2566 cartilagine
713 2487 837 2558 exoriri;
868 2486 933 2548 lieri
956 2505 1030 2548 aero
1054 2505 1090 2548 os
1114 2505 1167 2562 eo,
1189 2485 1272 2568 qnod
1295 2493 1395 2566 partes
1417 2505 1524 2548 osseae
1546 2489 1691 2566 sangnine
1714 2495 1836 2550 conten-

235 2617 283 2670 tae
306 2617 430 2688 propter
454 2610 629 2672 arteriarum
652 2610 682 2671 in
705 2627 798 2671 renas
826 2611 982 2672 transitum
1012 2611 1254 2689 angrmfiasimum
1277 2609 1307 2670 in
1331 2610 1447 2672 arteriis
1477 2611 1641 2672 corasistant
1671 2619 1759 2693 atque
1788 2633 1837 2671 oa-

236 2732 363 2794 rnndern
387 2731 550 2812 parictibus
572 2732 700 2794 adnatm
722 2730 847 2794 fibrillas
869 2751 974 2794 osseas
997 2733 1119 2810 firrgant.
1169 2733 1226 2794 Cui
1255 2733 1420 2794 sententiae
1444 2732 1605 2794 Albinus
1628 2733 1682 2816 (5)
1717 2753 1838 2816 qnoque

236 2855 357 2916 ridetur
378 2855 479 2916 lavere
502 2854 547 2914 his
569 2853 681 2916 uerbis:
711 2851 944 2932 »cartilaginem
965 2853 997 2914 in
1019 2872 1055 2914 os
1077 2852 1160 2916 abire
1182 2854 1370 2934 scripseram,
1392 2855 1476 2928 verti,
1500 2857 1642 2934 occupari
1666 2858 1703 2916 ab
1715 2877 1762 2930 aar
1786 2858 1836 2916 ab·

242 2979 352 3052 -sumi,
376 2995 494 3040 osseam
517 2976 582 3038 fieri
603 2983 634 3037 et
655 2995 733 3058 quae
755 2983 826 3038 sunt
847 2974 1004 3054 ejusmodi.
1028 3005 1032 3014 ·
1050 2975 1235 3056 Scripseram
1263 2976 1302 3037 ad
1324 2993 1446 3038 sonsum
1466 2975 1557 3055 vulgi.
1604 2979 1728 3040 Caunus
1750 2979 1837 3040 lecis-

243 3121 335 3178 .sem‚
357 3101 384 3163 si
407 3099 616 3166 obsecundans
638 3098 774 3162 moribus
796 3097 1014 3162 nonnullorum
1036 3097 1219 3178 cartilaginis
1234 3098 1379 3162 mmmm
1401 3119 1438 3164 os
1460 3101 1623 3164 succedere
1645 3102 1838 3182 scripsissem.

243 3233 346 3288 ‚certe
375 3227 415 3286 ita
442 3223 636 3304 intelligenda
663 3242 729 3284 esse
757 3222 976 3287 monuissem·
1034 3222 1114 3284 later
1149 3223 1332 3286 recentiores
1366 3223 1512 3305 imprimis
1540 3223 1704 3286 Bactara
1728 3223 1780 3304 (b)
1809 3239 1840 3287 et

239 3351 375 3412 Weber
398 3347 451 3430 (7)
474 3348 544 3412 lrnic
565 3347 728 3410 mnteunae
752 3349 865 3420 laneam
889 3345 1024 3428 plerique
1047 3365 1121 3410 vero
1144 3366 1212 3408 eum
1235 3345 1534 3409 Blumeabacbio
1558 3345 1611 3428 (8)
1634 3346 1838 3426 cartilaginem

239 3474 416 3554 primitivam
438 3474 471 3533 in
493 3471 571 3536 ossis
593 3470 771 3534 formatione
797 3489 973 3550 pennanerc
995 3468 1185 3547 arbitrantur,
1208 3477 1350 3532 mutatam
1372 3470 1493 3552 quidem
1522 3477 1604 3534 certa
1633 3471 1761 3552 quadam
1791 3492 1839 3530 ra·

239 3597 331 3684 tone,
351 3596 394 3660 nti
416 3613 537 3661 omnem
555 3593 649 3659 telam
671 3595 844 3674 organicam
866 3595 1051 3658 increementa
1072 3593 1208 3656 nomnen
1230 3600 1474 3656 consummatam

400 3724 486 3801 Quae
508 3719 663 3802 anaeque
686 3716 723 3780 de
747 3715 862 3780 ossiutn
884 3717 1124 3780 conformatione
1146 3717 1266 3793 emarus,
1289 3716 1432 3798 pleraque
1455 3716 1598 3780 debemus
1616 3716 1840 3799 quaestionibus

241 3843 366 3926 egregiis
389 3841 538 3906 llalleri
561 3842 619 3904 bac
638 3840 677 3902 de
699 3859 734 3904 re
756 3841 786 3902 in
809 3859 871 3902 oro
894 3838 1034 3900 incubato
1057 3809 1196 3900 institutis
1219 3839 1276 3912 ita,
1305 3845 1340 3899 nt
1359 3840 1422 3900 lere
1444 3838 1475 3898 in
1498 3840 1590 3916 boras
1613 3839 1787 3902 observatas
1810 3839 1839 3898 in

239 3986 277 4032 eo
305 3967 484 4030 muniones
513 3964 704 4028 accuratione
733 3962 847 4027 imitatu
879 3959 1052 4042 dignissima
1080 3960 1175 4024 literis
1197 3961 1353 4024 mandaret
1374 3969 1404 4024 et
1433 3937 1599 4042 posteritati
1629 3961 1660 4024 in
1688 3969 1841 4024 aeternnm

239 4091 350 4156 nenda
373 4090 565 4174 relinqueret
610 4090 712 4169 Quare
736 4085 888 4168 aliquanto
911 4084 1035 4148 uberius
1056 4103 1203 4150 summam
1225 4103 1346 4158 eornm,
1374 4104 1451 4165 qnae
1479 4085 1525 4147 bis
1555 4085 1765 4164 experimentis
1795 4085 1840 4144 in-

241 4258 558 4276 *auu-annu·-

399 4359 439 4426 (Ι)
457 4362 591 4421 liaster,
610 4360 672 4409 aba.
691 4358 724 4406 ale
743 4357 908 4416 (lateagcnia.
927 4355 1012 4416 Lnga.
1031 4355 1120 4405 liatav.
1141 4353 1219 4404 1131.
1235 4368 1326 4404 -rec,
1345 4356 1374 4402 in
1394 4353 1544 4400 Halteri
1562 4353 1629 4414 disp.
1649 4359 1718 4400 unat.
1739 4351 1839 4404 arta.

399 4449 439 4511 (2)
459 4449 593 4509 Mento,
612 4447 689 4496 traito'
707 4443 895 4512 d'Oateclcgie,
914 4443 979 4494 trad.
998 4457 1045 4504 par
1062 4441 1126 4493 Sne.
1145 4441 1216 4489 Paris
1236 4439 1314 4490 lton.
1333 4455 1357 4501 p.
1377 4438 1421 4490 ²0.

401 4529 443 4600 ’(3)
464 4537 506 4585 nu
524 4535 657 4596 Hamel,
675 4533 750 4582 ieme
769 4531 848 4581 mem.
866 4547 911 4581 sur
927 4530 967 4578 lea
986 4546 1024 4590 oe,
1042 4530 1070 4576 in
1088 4529 1169 4579 lllc'm.
1190 4529 1222 4575 ric
1240 4524 1307 4579 l'Ac.
1326 4543 1380 4591 roy.
1401 4527 1426 4579 «t.
1446 4527 1488 4577 Sc.
1510 4525 1588 4578 ΠΒ.
1608 4545 1633 4588 p.
1652 4529 1696 4579 8⁹.

401 4619 441 4685 (i)
459 4622 497 4668 W
509 4623 613 4687 aiter,
630 4622 761 4673 Abbaamll.
782 4637 833 4670 ron
852 4621 904 4668 den
922 4618 1049 4666 trorltnen
1068 4616 1204 4666 lirroclaeo.
1242 4615 1333 4664 llerlln
1354 4613 1431 4668 1763.

403 4709 442 4776 (a)
464 4708 846 4767 arrrrurnanua.aem.1m.
866 4707 925 4760 vn.
942 4723 967 4759 a.
987 4705 1013 4756 a.
1033 4721 1059 4770 p.
1079 4705 1124 4758 rr.

403 4797 443 4862 (a)
463 4798 610 4846 llc'elarrl
630 4803 655 4846 et
673 4795 840 4854 Blanrlin3
862 4795 943 4844 aridii.
964 4794 978 4841 i
996 4794 1088 4844 l'anat.
1109 4793 1196 4854 ge'ne'r.
1217 4793 1409 4854 demebat,
1429 4793 1500 4840 Paria
1521 4793 1601 4843 18³⁰.
1619 4809 1645 4855 p.
1664 4791 1725 4842 214.

402 4886 442 4951 (Ί)
461 4885 602 4946 Weber,
620 4883 832 4933 inlliltiebranrlt
851 4887 937 4944 Anat,
956 4883 1115 4950 beransgeg.
1134 4895 1161 4933 r.
1178 4880 1324 4943 Weber,
1343 4879 1545 4942 Braunaclrweig
1555 4877 1635 4931 18³⁰.
1654 4875 1838 4940 lid.l.p.³³5.

402 4973 442 5042 (8)
462 4973 711 5032 claruerunt,
730 4973 824 5022 noma
845 4991 871 5024 u.
889 4972 997 5022 neena
1017 4971 1044 5024 da
1063 4969 1191 5021 Rumam
1209 4969 1235 5026 a,
1253 4969 1381 5021 numni.
1394 4969 1516 5031 limera.
1536 4965 1740 5026 Gattirrffillffi.
1759 4981 1785 5027 p.
1798 4965 1840 5017 1².

1394 5070 1417 5132 2
