4856 5896
1002 547 1062 630 us

226 753 306 832 flaici
334 757 424 825 novis
452 759 584 824 materiis
612 759 680 836 nat,
711 779 811 844 neque
842 775 917 826 vcro
954 760 1087 836 radone,
1125 776 1187 844 qua
1222 757 1384 830 uticam
1409 755 1586 826 nectere
1606 761 1658 842 (i)
1693 761 1832 830 starem:

231 905 247 937 a
260 879 291 946 le
314 876 455 964 piricste,
477 877 540 946 tris
561 884 730 951 vasctdaira
748 879 970 968 immid-celte
991 878 1120 968 epcqne,
1139 877 1255 948 sentite
1277 891 1308 948 el
1322 878 1436 966 depase
1456 891 1543 953 entre
1566 883 1612 951 lca
1634 886 1739 962 fibras,
1762 882 1833 951 ata

227 1006 352 1068 suriace·
368 1005 406 1067 de
428 1004 500 1083 l'cs,
530 1007 570 1070 de
597 1006 630 1072 lc
655 1007 831 1072 substance·
844 1025 986 1084 csseuse,
1013 1025 1179 1091 muquaanse
1200 1005 1339 1084 debead,
1364 1007 1441 1090 ,puis
1457 1007 1561 1085 almer.
1577 1008 1654 1092 qui„
1671 1007 1832 1090 s’aiontaat

225 1129 303 1195 abasi
325 1130 581 1204 successivement
601 1125 622 1192 t
641 1130 674 1196 la
695 1127 823 1209 mauce,
844 1137 1006 1212 augmenta
1025 1125 1204 1214 l’ipaisseur
1226 1130 1265 1194 de
1283 1129 1368 1194 l’os·
1419 1131 1605 1213 pardalin
1624 1151 1692 1196 sese
1715 1133 1830 1194 resba-

219 1252 324 1330 beree
349 1253 535 1335 petioateum
568 1273 629 1335 pro
648 1255 791 1344 metricas
820 1255 922 1336 ipsum
943 1262 1043 1321 autem
1066 1274 1103 1319 os
1124 1247 1182 1336 pro
1205 1252 1516 1319 sccratcbabendum
1539 1262 1629 1331 esset,
1650 1275 1746 1338 quam
1760 1256 1828 1337 opi·

222 1376 349 1444 monem
369 1377 478 1442 meritc
499 1377 530 1440 J.
551 1375 724 1445 Mueller
737 1376 804 1464 1(2)
825 1378 952 1444 marna
971 1378 1191 1475 physiologica,
1212 1376 1311 1461 quatis
1327 1395 1415 1442 nuuc
1436 1385 1498 1455 eat,
1526 1393 1654 1458 prensus
1677 1379 1829 1460 balignau

207 1507 255 1564 -et
276 1499 365 1582 pinne
386 1498 546 1566 bmbaram
567 1517 638 1566 esse
653 1501 783 1582 judicat
826 1505 931 1582 Longe
958 1501 1110 1572 maneria
1138 1509 1187 1566 eet
1212 1502 1304 1582 hujus
1335 1482 1537 1583 appositionis
1563 1501 1657 1576 ratim
1687 1503 1721 1567 lit
1748 1502 1829 1569 unc

223 1643 270 1700 co,
298 1623 383 1708 quod
403 1642 486 1688 nova
506 1625 652 1696 materies
669 1626 814 1708 organica
832 1625 989 1696 instratis
1011 1625 1144 1694 externis
1165 1625 1260 1706 ipsius
1283 1624 1362 1692 ossis
1383 1623 1515 1705 giguntur
1537 1625 1608 1707 (per
1639 1626 1828 1694 inmensae

222 1745 385 1832 piladem),
405 1747 539 1830 nouique
560 1748 592 1814 iu
615 1748 652 1812 iis
673 1749 841 1816 feruutur
861 1755 893 1812 at
913 1749 1085 1812 increscrmt
1106 1747 1275 1825 canaliculi,
1297 1747 1370 1812 dnm
1391 1749 1471 1813 iaau
1488 1748 1679 1829 resorpticae
1702 1749 1826 1815 candes

224 1869 342 1937 dican
361 1872 393 1939 'm
412 1871 610 1938 substantiam
632 1871 828 1954 spongiosam
849 1870 963 1938 abeunt
970 1871 1021 1936 uel
1033 1873 1118 1954 quasi
1131 1879 1344 1936 evanescentes
1356 1871 1462 1936 tubum
1472 1871 1672 1937 medullarem
1683 1873 1827 1939 alliciunt.

382 1994 424 2060 At
445 2013 524 2060 vcro
544 2011 696 2078 'quaenam
723 2001 771 2061 est
797 1995 886 2076 origo
910 1994 1100 2061 lamellarum
1127 2002 1191 2058 taum
1220 2013 1339 2070 carram,
1371 2013 1448 2077 qnae
1480 1995 1667 2060 cmacliculos
1696 1996 1829 2076 cingunt,

224 2127 288 2184 amr
309 2135 427 2196 canam,
450 2133 528 2203 qnae
550 2119 642 2184 telina
664 2119 743 2184 ossis
765 2118 889 2184 ambitui
910 2117 1115 2199 respondenti
1160 2122 1244 2199 Quas
1265 2119 1292 2180 si
1322 2119 1364 2180 ita
1386 2117 1499 2182 exoriri
1521 2117 1666 2194 velimus,
1695 2126 1728 2188 ut
1751 2119 1827 2185 aliae

223 2243 303 2308 intra
322 2241 374 2306 val
394 2243 476 2307 circa
493 2242 574 2307 alias
596 2243 679 2320 flant
701 2241 882 2308 nullomodo
904 2241 1049 2323 explicari
1072 2241 1131 2304 boc
1153 2247 1269 2322 posset,
1291 2240 1350 2304 uisi
1371 2240 1422 2302 vel
1443 2241 1629 2307 incremendo
1653 2261 1709 2322 per
1731 2242 1826 2307 intor-

194 2455 198 2461 .
224 2365 305 2432 ualle
327 2368 425 2446 iacto,
453 2373 487 2432 at
503 2367 539 2431 in
563 2359 731 2443 chonam
752 2363 802 2431 vel
823 2365 993 2432 macione
1015 2365 1154 2449 quadam,
1176 2371 1210 2426 ut
1232 2365 1264 2426 in
1286 2363 1429 2431 comnibus
1452 2364 1611 2445 pecudum,
1632 2363 1691 2440 vel,
1713 2365 1757 2428 uti
1770 2383 1821 2433 cr-

222 2489 351 2560 bitratur,
378 2491 430 2552 dn
456 2489 605 2566 Hamel,
639 2509 695 2566 ec,
722 2489 805 2572 quod
827 2490 860 2557 in
881 2489 1034 2571 periosteo
1059 2489 1279 2571 praeformatas
1300 2487 1386 2553 cml.
1413 2489 1531 2553 uerum
1544 2487 1628 2559 ,hacc
1645 2488 1756 2564 omnia
1778 2497 1826 2551 ut-

224 2620 296 2694 pote
317 2613 468 2695 probabili
491 2633 582 2675 causa
605 2612 751 2689 carenda,
780 2612 871 2679 statui
886 2618 1112 2692 non-possuntt
1139 2611 1193 2677 nib
1212 2610 1475 2692 igitur-reliquum
1498 2617 1559 2687 est,
1588 2631 1678 2693 quam
1707 2618 1743 2682 ut
1769 2611 1827 2692 ipsi
1938 2611 1948 2620 “

222 2735 301 2802 telae
324 2755 430 2800 osseae
451 2737 529 2798 lmnc
550 2742 702 2816 tamqnam
724 2735 880 2808 relicuom,
902 2733 935 2820 in
955 2751 1114 2808 vasonum,
1141 2739 1174 2794 ut
1196 2732 1329 2808 videtur,
1353 2733 1482 2813 positam
1504 2733 1695 2810 conditione,
1726 2735 1825 2796 inesse

222 2867 371 2942 putemne,
394 2877 454 2940 qua
475 2857 508 2923 in
526 2857 668 2924 lamellas
686 2863 795 2939 postea
816 2856 970 2923 discedme
991 2855 1135 2918 intendat.
1181 2853 1425 2919 Canaliculctum
1447 2855 1496 2919 val
1531 2856 1705 2921 mbutorun
1722 2859 1825 2921 'anabi-

223 2991 272 3049 tus
294 2982 374 3050 idom
395 2983 429 3044 iu
448 2983 532 3044 icetn
555 2989 646 3064 atque
665 2982 697 3044 in
719 2980 837 3055 adultis,
871 2986 961 3061 atque
992 2978 1141 3059 parietum
1172 2978 1206 3045 m
1239 2977 1293 3041 illa
1319 2983 1481 3058 propterea
1506 2978 1700 3058 aliquantulo
1726 2980 1826 3045 minor

224 3107 383 3182 crassitics,
404 3077 476 3188 quia
494 3105 624 3186 amplius
646 3110 692 3170 est
712 3123 839 3179 cavnmc
868 3103 956 3168 nimis
978 3121 1052 3167 vero
1076 3102 1184 3181 exigua
1212 3102 1287 3165 baec
1316 3107 1363 3166 est
1391 3099 1570 3178 maenaa,
1600 3121 1690 3182 qnam
1711 3109 1757 3176 ut,
1788 3104 1825 3166 ad

224 3229 433 3310 explicandam
455 3237 634 3294 structuram
654 3228 845 3291 lamellosam
865 3233 974 3306 poslea
995 3226 1179 3301 existentem,
1202 3243 1298 3288 novas
1319 3224 1400 3288 intus
1423 3243 1579 3296 accessere
1602 3223 1739 3288 lamellas
1762 3233 1824 3290 stc·-

225 3361 308 3450 tuere
329 3354 490 3434 possimus
543 3353 654 3416 Variae
677 3352 784 3414 aetatis
805 3369 876 3422 casa
893 3349 1082 3431 inquirentes
1111 3349 1224 3412 sensim
1245 3347 1424 3416 laminarum
1435 3348 1657 3410 -tocaatianem
1684 3350 1826 3433 progredi

225 3477 373 3552 videmusp
396 3477 429 3540 iu
448 3479 533 3541 ioetu
554 3475 792 3540 caualicaalorum
814 3473 915 3558 paries
938 3473 1061 3536 omuino
1085 3472 1220 3554 aequalis
1243 3479 1377 3552 apparet,
1400 3471 1571 3553 sensimque
1590 3471 1740 3537 linearum
1753 3494 1826 3537 con-
1935 3532 1938 3540 .

225 3602 423 3665 metricorum
445 3601 546 3664 existit
563 3591 708 3680 species,¹
724 3616 803 3679 qnae
830 3598 924 3676 magis
954 3597 1109 3676 magisque
1137 3596 1170 3658 in
1197 3602 1393 3675 compactum
1415 3595 1568 3660 venientes
1591 3595 1621 3656 iu
1644 3593 1753 3660 adultis
1767 3598 1826 3684 ,da7

227 3723 336 3790 oillime
364 3733 574 3804 agnoscantur.
627 3721 896 3803 quaemadmodum,
926 3727 1079 3786 crescente,
1102 3725 1213 3794 aetate,
1235 3719 1366 3782 raciones
1390 3718 1465 3784 liunt
1487 3717 1648 3781 canaliculi
1669 3719 1824 3800 rmgisque

227 3849 265 3910 ab
287 3849 415 3912 invicem
438 3855 630 3928 separantur,
661 3847 705 3908 sic
727 3843 895 3908 substantia
914 3841 1092 3921 interposita
1112 3841 1215 3905 itidem
1245 3841 1277 3902 in
1296 3839 1436 3904 lamellas
1459 3839 1599 3914 discedit,
1629 3857 1727 3922 neque
1750 3859 1824 3904 vern

227 3971 354 4054 amplius
377 3971 622 4046 canaliculos-um,
644 3968 699 4030 sed
721 3968 812 4028 totius
835 3966 912 4028 ossis
936 3965 1078 4026 ambitum
1096 3970 1267 4058 «sequentes,
1291 3963 1456 4044 ordineque
1480 3963 1672 4025 concentricc
1696 3963 1734 4024 ad
1757 3983 1825 4044 spc-

227 4095 302 4186 ciem
325 4097 402 4163 ossis
426 4096 581 4176 deinceps¹
594 4093 718 4174 positas
772 4090 1018 4152 Luculentissime
1046 4090 1104 4173 boc
1118 4087 1312 4173 'conspicitur
1334 4087 1364 4147 in
1388 4087 1506 4151 ossibus
1524 4085 1651 4173 bovinis,
1674 4087 1825 4168 inquibus

227 4217 279 4281 illa
301 4219 538 4282 canalicnlcrmn
567 4238 622 4298 per
651 4223 744 4279 strata
767 4213 924 4294 dispositio
947 4212 1136 4292 provectiore
1160 4212 1247 4272 etiam
1279 4217 1373 4271 aetate
1403 4210 1564 4288 perspicua
1590 4217 1704 4284 mmet,
1718 4263 1722 4270 .
1737 4217 1826 4292 atqua

226 4361 299 4423 prae
322 4344 429 4404 ceteris
452 4344 482 4404 in
505 4349 677 4418 causaest,
707 4359 762 4401 cur
784 4337 901 4398 facilins
924 4336 977 4396 illa
999 4337 1030 4396 iu
1051 4327 1188 4396 lamellas
1212 4337 1420 4414 sejungantur3
1450 4333 1516 4411 ipsa
1546 4335 1637 4392 strata
1665 4333 1758 4413 magis
1788 4334 1826 4396 ab

227 4467 355 4529 invicem
379 4473 517 4545 separata
540 4471 618 4540 sunt,
642 4471 730 4544 atque
754 4480 831 4543 qnae
854 4459 1029 4538 interposita
1052 4465 1096 4519 cst
1120 4453 1284 4563 substantia
1308 4474 1396 4516 ossea
1418 4455 1554 4516 lamellas
1583 4457 1687 4518 tubum
1710 4457 1826 4518 medul-

226 4592 321 4653 larem
344 4590 495 4668 cingentes
519 4587 644 4648 exbibet.
692 4587 806 4648 Contra
828 4584 859 4644 in
882 4601 960 4663 equo
992 4582 1123 4682 quinque
1148 4599 1244 4677 annos
1274 4585 1346 4640 ueto
1368 4579 1563 4642 substantiam
1590 4579 1761 4641 corticelem
1791 4579 1827 4641 ti-

228 4715 294 4778 biae
318 4735 334 4774 e
358 4712 431 4775 solis
455 4708 628 4772 canaliculls
652 4710 802 4783 consertis
826 4709 890 4770 sitne
913 4706 1018 4767 craline
1038 4707 1126 4782 juxta
1149 4723 1181 4764 se
1205 4703 1310 4783 positis
1334 4703 1460 4764 conflari
1485 4711 1573 4786 etque
1595 4702 1827 4765 extemasolum

227 4833 547 4854 ’ν-

390 4887 428 4952 (1)
447 4887 612 4947 illiciar-al,
630 4886 694 4934 l.'c.
714 4901 738 4946 p.
757 4883 819 4934 504.

388 4971 831 5046 (2)n1uetl·er‚1.c.p.361.

1445 5037 1466 5097 9
