4784 5894
185 791 320 860 Tandem
343 791 534 861 tenuissimus
555 793 760 875 perrumpitur
781 792 861 858 ossis
882 792 997 874 parles,
1028 791 1227 878 dentibusque
1248 793 1395 862 fistulosis
1422 797 1454 859 in
1481 797 1617 878 partibus
1648 801 1790 867 mollibus

183 918 305 996 morfia,
326 918 453 982 fluidum
475 917 628 1000 quoddam
649 937 797 996 aerosum,
819 915 1022 999 purulentam,
1044 917 1173 999 globulis
1197 921 1330 984 cesoma
1352 921 1558 1002 commixtum,
1581 925 1734 989 emittitm.

342 1043 379 1126 b)
409 1042 760 1108 Paedartlrrooace.
797 1043 855 1104 llic
869 1042 1002 1121 morbus,
1016 1044 1246 1126 quemprimum
1265 1046 1384 1107 Marc.
1405 1044 1492 1112 Aur.
1508 1047 1719 1114 Severinus
1735 1052 1789 1134 (l)

181 1167 350 1232 accuratius
373 1167 543 1248 descripsit,
564 1167 682 1248 positus
698 1167 914 1233 estmtumoro
927 1168 1241 1250 scrophulosopartes
1264 1169 1439 1233 ordumel-es
1462 1172 1643 1254 spongiosos
1668 1175 1782 1238 ossium

179 1291 400 1368 tubulosorum,
406 1291 537 1354 maxime
549 1281 656 1356 manua
670 1297 700 1354 et
713 1291 807 1372 pedis,
813 1309 945 1375 ossaque
957 1293 1042 1374 carpi
1055 1300 1084 1356 et
1096 1293 1169 1358 tarsi
1175 1301 1351 1375 occupante,
1359 1295 1411 1377 qui
1417 1294 1541 1361 tandem
1549 1298 1788 1379 ruptusinulous

181 1416 335 1480 cariosum
357 1415 428 1480 abit
473 1416 578 1498 ltaque
601 1436 621 1477 a
641 1415 730 1496 spina
753 1419 881 1478 ventosa
895 1415 963 1478 sola
974 1417 1047 1480 sede
1062 1417 1167 1494 elidem,
1189 1424 1299 1480 namra
1326 1435 1395 1482 curn
1417 1439 1454 1483 ea
1476 1421 1616 1502 congruit
1638 1420 1702 1506 (2).
1749 1423 1786 1486 ln

178 1539 340 1604 urientibus
362 1539 466 1621 plures
489 1559 582 1621 saepe
606 1539 750 1605 articulos
773 1539 863 1604 sinui
886 1538 1018 1620 corripit,
1041 1559 1236 1622 aequavero
1259 1543 1443 1623 provectiori
1465 1546 1555 1608 etiam
1577 1546 1666 1608 aetati
1677 1547 1788 1627 parcit,

179 1683 309 1748 eamque
330 1664 526 1730 articulorum
548 1663 688 1728 morbum
706 1663 872 1741 comtum,
899 1682 989 1746 quem
1010 1665 1047 1726 B.
1069 1664 1155 1728 Bell
1177 1671 1327 1730 tumorem
1349 1667 1450 1730 album
1471 1669 1674 1734 sorotirlcsum
1707 1690 1785 1734 nun·

181 1789 315 1873 cupivit.

341 1914 373 1994 c)
403 1911 820 2026 Spondylarthrocace
848 1933 871 1975 s.
901 1912 1037 1976 malum
1062 1914 1195 1977 Pottii.
1247 1915 1316 1977 Hoc
1342 1916 1464 1978 nomine
1494 1916 1664 1996 appellatur
1691 1918 1787 1984 caries

179 2037 235 2105 illa
255 2037 417 2114 vertebras,
440 2037 569 2102 maxime
592 2055 697 2100 aarum
718 2056 849 2118 corpora
872 2037 1047 2117 corripiens,
1070 2057 1148 2120 quac
1170 2053 1263 2118 saepe
1285 2039 1316 2100 in
1338 2039 1500 2104 infantibus
1523 2041 1714 2118 scrofulosis,
1737 2045 1810 2104 ra-'

179 2163 244 2226 rius
266 2163 297 2225 in
319 2164 356 2226 iis
379 2163 430 2245 qui
452 2161 640 2242 pubertatem
663 2161 790 2242 ingressi
813 2167 890 2238 sunt,
914 2145 1059 2238 occurrit,
1088 2161 1236 2243 pluraque
1258 2181 1350 2242 saepe
1378 2181 1510 2244 corpora
1539 2165 1718 2226 vertebralia
1746 2165 1790 2228 ita

179 2286 315 2363 destruit,
339 2294 372 2348 ut
395 2286 554 2348 colunnae
577 2285 784 2348 vertebrarum
804 2285 913 2347 existat
936 2285 1112 2362 incurvatio,
1136 2304 1154 2345 a
1177 2285 1338 2348 rhaclritica
1360 2305 1398 2349 eo
1410 2287 1554 2368 imprimis
1567 2286 1786 2368 distinguenda,

180 2411 264 2493 quod
286 2411 429 2490 angulum
452 2411 566 2490 altingit
588 2415 724 2487 acutum,
756 2411 844 2490 cnjus
868 2427 946 2490 apex
968 2415 1084 2488 tergum
1106 2429 1214 2472 versus
1237 2416 1368 2490 spectat,
1397 2417 1426 2472 et
1449 2409 1532 2494 quod
1554 2417 1682 2492 propter
1704 2433 1786 2474 com-
1831 2433 1834 2442 ⁴

179 2535 367 2615 pressionem
390 2533 541 2612 medullae
562 2532 690 2615 spinalis
713 2551 782 2596 curn
804 2533 920 2616 paresi,
949 2533 998 2596 vel
1021 2533 1156 2614 paralysi
1178 2533 1387 2598 musculorum
1409 2533 1488 2596 inira
1516 2533 1620 2598 locum
1649 2535 1786 2598 allectum

183 2659 386 2722 obsidentium
408 2660 572 2738 conjuncta
594 2665 647 2722 est
693 2659 754 2720 Pus
776 2657 827 2720 vel
849 2657 1035 2722 extrinsecus
1058 2657 1090 2720 in
1110 2657 1242 2734 dorsum,
1266 2656 1349 2739 quod
1362 2658 1496 2722 omnium
1507 2667 1553 2722 est
1565 2660 1787 2735 faustissimum,

179 2783 231 2846 vel
252 2783 285 2844 in
307 2783 449 2844 cavitates
471 2783 604 2846 internas
628 2781 805 2856 eliundimr,
833 2780 883 2842 vel
911 2779 951 2840 ad
980 2779 1050 2842 loca
1072 2780 1214 2842 inferiora
1237 2781 1384 2842 demissus
1413 2801 1506 2862 saepe
1535 2783 1614 2846 intra
1641 2783 1786 2846 annulum

178 2904 342 2983 cruralem,
371 2905 421 2968 vel
450 2906 481 2966 in
511 2905 655 2987 perinaeo
684 2909 819 2992 apparet
864 2903 904 2964 Ut
933 2901 1095 2984 plurimum
1117 2909 1245 2968 mortem
1268 2903 1353 2966 alieri
1374 2903 1424 2966 blo
1445 2905 1578 2980 morbus,
1602 2907 1665 2969 sive
1697 2926 1783 2986 pres-

180 3033 268 3094 sione
290 3029 442 3092 medullae
465 3029 599 3110 spinalis,
622 3029 686 3092 sive
708 3027 784 3089 labri
805 3027 921 3088 lectica
942 3026 1023 3088 vires
1047 3035 1250 3104 consumente,
1282 3027 1462 3090 cadaverum
1485 3029 1620 3090 sectione
1651 3027 1783 3108 plerum-

180 3175 240 3240 que
261 3163 394 3218 tumcres
417 3157 550 3232 majores
572 3153 622 3216 vel
644 3153 776 3214 minores
794 3152 830 3212 -ln
853 3149 1003 3213 anteriore
1025 3148 1119 3212 latere
1142 3151 1350 3212 vertebrarum
1361 3151 1561 3231 reperiuntur,
1584 3152 1635 3234 qui
1659 3154 1781 3215 alascia

180 3279 391 3361 longitudinali
412 3279 572 3354 sommare,
593 3297 753 3340 saccorum
775 3276 807 3338 in
829 3275 952 3338 modum
976 3281 1114 3351 extensa,
1144 3275 1340 3355 obtegrmtur,
1370 3295 1559 3357 massamque
1587 3267 1785 3356 purulentam,

181 3423 343 3482 caseoeam,
365 3403 520 3484 particulis
543 3402 639 3466 osseis
661 3401 784 3465 mixtam
807 3399 970 3464 continent.
1015 3399 1258 3484 Palletta(3)
1280 3400 1397 3480 insigne
1418 3401 1509 3480 hujus
1531 3400 1630 3464 m'orhi
1653 3421 1786 3466 commu-

181 3529 294 3594 nicavit
315 3527 498 3608 exemplum;
521 3527 553 3590 in
575 3546 673 3608 puero
696 3545 845 3588 annorum
868 3531 939 3588 octo
969 3529 1083 3604 septem
1113 3524 1313 3588 in'vertebris
1336 3523 1508 3588 dorsalibus
1536 3525 1727 3590 inferioribus
1757 3533 1788 3588 et

180 3651 361 3717 lumbalibus
384 3652 590 3735 superioribus
613 3650 712 3714 exorti
733 3657 804 3714 sunt
826 3649 906 3714 sacci
928 3667 1003 3728 pure
1027 3647 1108 3732 (vel)
1140 3649 1303 3712 tuberculis
1333 3649 1455 3730 repleti;
1486 3668 1632 3731 quorum,
1661 3650 1712 3731 qui
1742 3651 1786 3712 in-

182 3777 245 3840 timi
275 3784 305 3840 et
330 3747 453 3839 maximi
482 3781 583 3853 erant,
609 3781 739 3856 utroque
766 3773 860 3836 latere
889 3771 1049 3835 columnae
1071 3772 1246 3834 vertebralis
1269 3779 1338 3834 ante
1360 3771 1529 3835 musculum
1552 3791 1659 3850 psoom
1681 3791 1786 3834 versus

180 3901 292 3985 pelvim
312 3899 552 3983 ponigebmmr,
575 3907 617 3974 et,
640 3899 692 3981 qui
713 3897 866 3960 emissum
887 3895 967 3960 latus
988 3895 1164 3976 occupabat,
1185 3895 1264 3959 inter
1285 3916 1324 3958 m.
1348 3895 1506 3976 tn‘cipitam
1529 3901 1559 3958 et
1580 3893 1741 3957 sertorium
1757 3895 1787 3956 iu

181 4027 337 4108 superiore
364 4031 450 4107 parte
480 4023 603 4093 semoris
632 4023 664 4086 in
693 4027 888 4103 conspectum
913 4020 1010 4095 venit;
1040 4038 1146 4084 omnes
1178 4019 1295 4084 alocis
1316 4020 1523 4083 vertebrarum
1545 4019 1672 4082 cariosis
1693 4019 1788 4099 proti-

182 4151 377 4227 oiscebautur,
400 4169 527 4232 quarum
549 4147 714 4215 nomnllae
736 4148 778 4210 ita
800 4157 927 4228 prorsus
950 4146 1120 4210 destructae
1142 4151 1290 4222 mantnt
1313 4144 1455 4208 columna
1476 4143 1652 4208 vertebralis
1675 4144 1786 4224 angrdo

182 4283 271 4340 acuto
293 4277 449 4340 incurvata
471 4281 559 4348 esset.

247 4541 252 4552 ·
343 4521 384 4588 (1)
403 4523 501 4576 Marc.
521 4524 634 4575 Aurei.
654 4521 862 4584 severinus,
881 4523 914 4569 de
932 4521 1066 4569 recondita
1075 4519 1244 4568 abscessurum
1253 4525 1355 4571 matun.
1374 4518 1450 4567 inest:
1470 4517 1606 4568 Tractatus
1625 4519 1658 4568 de
1676 4520 1783 4584 preclar-

182 4619 310 4675 thronos,
330 4613 413 4670 errtl.
433 4613 523 4665 Beier.
544 4611 622 4664 1124.
642 4630 667 4677 p.
685 4608 749 4662 ³3⁵.

230 4747 231 4752 ,
346 4696 387 4768 (2)
407 4701 559 4763 lllecltel,
578 4703 676 4762 pathol.
695 4705 773 4754 liniat.
792 4698 840 4753 nd.
860 4697 896 4752 ll.
916 4697 994 4751 Alrtlr.
1015 4698 1038 4750 1.
1057 4711 1082 4760 p.
1101 4695 1163 4749 269.

345 4787 383 4870 (3)
403 4789 572 4850 Palla-tta,
591 4787 612 4841 l.
632 4807 655 4841 o.
675 4805 699 4853 p.
711 4788 770 4843 109.
790 4789 892 4852 1³1ng
911 4797 936 4837 et
956 4787 985 4838 V.
