4784 5894
1360 503 1437 577 148

596 713 741 776 flammari
771 723 860 796 atquo
891 733 928 774 ex
956 732 992 773 oa
1020 731 1141 774 novam
1160 712 1354 790 substantiam
1386 731 1504 774 osseam
1532 709 1687 790 prosilire,
1718 729 1777 790 qua
1801 729 1868 770 cum
1902 709 2108 771 substantiae
2132 709 2205 768 tibia

596 837 733 916 prosecta
762 837 951 900 coalescente
980 837 1162 916 periosieurn
1193 837 1349 918 utriusque
1377 836 1455 910 ossis
1485 835 1638 899 hocloco
1661 833 1845 914 disparebat.
1899 835 2026 894 Osseam
2048 833 2204 894 materiem

597 960 662 1035 hic,
685 967 719 1020 ut
741 961 833 1035 solet,
857 961 986 1038 primum
1008 961 1087 1022 inter
1108 960 1291 1039 penoeteum
1313 969 1344 1021 et
1365 959 1561 1022 substantiam
1584 958 1662 1020 ossis
1685 957 1808 1018 formari
1830 955 1906 1029 vidi;
1930 977 1989 1038 qua
2012 971 2203 1018 accrescente

599 1083 781 1166 poriosteum
810 1083 894 1144 initio
924 1085 1116 1144 tumefactum
1147 1084 1302 1163 paullatim
1326 1083 1515 1154 minuebatur
1537 1089 1627 1162 atquo
1650 1079 1865 1155 attenuabatur,
1888 1079 2067 1162 tandemque
2090 1081 2201 1160 passim

596 1226 723 1285 prorsus
748 1207 932 1286 disparebat;
955 1227 1060 1268 vemm
1083 1227 1119 1268 ea
1142 1227 1262 1289 quoqne
1284 1226 1365 1287 pars,
1387 1225 1464 1288 quae
1487 1205 1518 1266 in
1541 1205 1745 1266 membranam
1766 1203 1971 1266 tenuissimam
1986 1203 2109 1265 redacta
2131 1217 2201 1276 erat,

596 1330 738 1408 periostei
765 1338 900 1392 naturam
932 1331 1096 1406 rescrebat,
1127 1349 1185 1392 nce
1212 1349 1344 1412 unquam
1373 1329 1452 1390 telae
1479 1328 1743 1390 commutationem
1774 1327 1938 1389 observare
1959 1327 2052 1406 potui.
2098 1327 2201 1408 ltaque

598 1453 667 1514 milri
690 1453 826 1535 quidem,
848 1455 932 1535 quod
952 1455 1135 1534 periosteum
1147 1454 1339 1534 itadisparet,
1361 1452 1520 1533 pressioni,
1543 1471 1633 1534 quam
1652 1469 1733 1512 nova
1747 1449 1886 1518 materies
1898 1469 1988 1512 ossea
2008 1451 2041 1512 in
2062 1451 2094 1512 id
2116 1471 2199 1512 exer-

598 1581 672 1650 cet‚'
686 1578 814 1660 indeque
844 1589 949 1640 auctae
969 1578 1151 1657 resorptioui
1173 1557 1292 1638 videtur
1322 1574 1513 1638 tribuendum
1536 1579 1627 1637 esse„
1658 1574 1826 1636 Pressionis
1849 1581 1948 1636 autem
1978 1573 2111 1635 diutinae
2133 1593 2198 1636 sen-

597 1699 711 1780 simqne
735 1709 839 1762 auctae
862 1721 999 1780 magnam
1022 1701 1081 1760 vim
1105 1719 1171 1761 esso
1183 1698 1221 1761 ad
1233 1699 1430 1767 destruendas
1440 1699 1518 1763 telas
1529 1698 1696 1778 organicas,
1719 1698 1771 1758 vix
1794 1705 1884 1759 estut
1910 1693 2093 1777 lrgumontis
2117 1717 2197 1759 com·

598 1823 739 1902 probe1n;
762 1843 859 1904 neque
881 1823 980 1885 solum
1004 1844 1039 1884 oa
1061 1824 1142 1885 valet
1163 1825 1194 1884 in
1217 1824 1458 1900 telam20sseam,
1483 1822 1520 1882 do
1543 1841 1602 1903 qua
1625 1831 1722 1901 supra¹
1740 1841 1769 1900 p.
1795 1820 1846 1883 75„
1870 1822 2008 1901 exposui,
2030 1822 2087 1883 sed
2102 1823 2197 1896 etiam,

599 1955 632 2006 ut
655 1946 685 2008 in
708 1956 938 2026 anueurysmate
960 1946 1114 2023 videmus,
1136 1947 1166 2007 in
1190 1955 1291 2026 partes
1314 1946 1429 2009 molles
1444 1945 1516 2008 lieet
1537 1951 1663 2025 propter
1677 1939 2039 2026 ,flexssiuoem'pressioni
2061 1946 2198 2007 cedentes

596 2069 725 2150 indeque
745 2070 855 2132 diutius
878 2090 967 2152 quam
990 2090 1061 2133 ossa
1084 2071 1263 2133 resistentes.
1311 2069 1371 2131 Sed
1395 2069 1586 2150 quidmulta,
1610 2068 1712 2148 praxis
1728 2067 1896 2148 chirurgica
1913 2067 2107 2147 jamdudum
2130 2089 2197 2150 cog·

596 2193 688 2268 norit,
710 2193 810 2256 fasciis
833 2194 1097 2272 comprimentibus
1119 2194 1340 2272 resorptionem
1363 2212 1452 2273 quern
1475 2192 1604 2252 maxiem
1627 2191 1810 2270 promoveri.
1917 2225 1921 2230 ·

755 2317 782 2376 E
804 2317 1004 2395 periosteo
1029 2325 1065 2378 et
1086 2315 1256 2376 medulla
1278 2314 1374 2375 calli
1397 2313 1590 2375 materiam
1620 2315 1820 2390 exsudari,
1849 2314 1992 2395 imprimis
2021 2315 2195 2380 Blumea-

597 2437 696 2510 bach,
720 2437 870 2514 Koeler,
893 2439 1057 2518 bleding,
1082 2439 1242 2500 Kortum
1264 2437 1496 2510 contenderuut;
1519 2437 2195 2518 eandemquesententiametiamBreschet,

597 2579 777 2642 quamquam
788 2562 868 2622 haud
881 2562 1000 2623 definite
1013 2561 1180 2642 eloquutus,
1192 2562 1296 2623 fovere
1304 2561 1430 2622 videtin.
1453 2562 1559 2621 Utrum
1570 2561 1754 2625 incremento
1766 2560 1837 2622 calli
1847 2561 2014 2624 substantia
2024 2563 2195 2626 intermedia

596 2651 687 2746 rubra
709 2686 862 2745 auferatur
882 2704 922 2744 an
944 2685 1009 2765 ipsa
1032 2684 1064 2744 in
1086 2683 1196 2746 callum
1219 2685 1307 2744 abeat
1329 2704 1422 2765 supra
1438 2685 1608 2764 expositum
1631 2690 1689 2758 est;
1712 2684 1853 2746 hocloco
1869 2684 2094 2767 disquirendum
2111 2688 2194 2751 uobis

596 2817 654 2880 ost,
688 2819 788 2868 utrum
821 2807 986 2870 substantia
1013 2807 1180 2888 gelatinosa
1211 2809 1308 2888 prima
1338 2807 1408 2870 calli
1431 2809 1516 2890 quasi
1546 2807 1714 2870 rudimenta
1735 2808 1894 2888 effingens,
1929 2827 2006 2890 quae
2028 2819 2099 2891 post
2122 2813 2195 2874 diem

594 2929 714 2990 tertium
735 2931 813 2991 inter
835 2952 870 2993 os
893 2939 924 2992 et
937 2931 1121 3010 periosteum
1142 2931 1300 3006 invenitur,
1322 2931 1554 2994 inflammatione
1569 2931 1711 3011 poriostei
1734 2951 1772 2992 an
1794 2932 2001 3013 potinsipsius
2019 2935 2196 2998 ossisoxsu·

596 3052 692 3114 detur.
727 3054 840 3114 Verum
854 3054 928 3115 lraec
940 3055 1075 3135 quaestio
1091 3054 1350 3116 observationibus
1369 3054 1527 3132 dijudicari
1549 3055 1673 3117 omnino
1695 3074 1757 3144 non
1773 3063 1880 3134 potest,
1903 3063 1933 3117 ot
1946 3058 2029 3138 quod
2051 3059 2196 3141 Scarpa

597 3179 749 3236 curatoriam
779 3176 935 3255 plasticam
974 3197 1011 3238 ex
1042 3177 1159 3239 ossibus
1183 3177 1358 3238 exsudatam
1382 3184 1446 3239 toto
1471 3177 1559 3239 coelo
1583 3177 1702 3240 differre
1731 3177 1801 3240 dicit
1824 3179 1861 3239 ab
1884 3197 1929 3255 aa,
1952 3199 2029 3262 quae
2051 3182 2083 3244 in
2105 3183 2195 3263 parti·

596 3297 652 3358 bus
668 3297 809 3362 mollibus
825 3301 994 3377 exsudetur,
1016 3300 1157 3382 illamque
1175 3300 1271 3360 solam
1294 3299 1325 3360 in
1347 3319 1466 3362 osseam
1477 3301 1672 3362 substantiam
1694 3302 1776 3363 abiro
1799 3321 1898 3382 posse,
1928 3304 2110 3382 argumentis
2136 3327 2195 3369 non

596 3423 825 3500 comprobatum
847 3431 901 3485 est.
947 3423 1083 3484 Maxima
1105 3431 1204 3483 tamen
1231 3442 1299 3483 cum
1321 3423 1386 3484 veri
1409 3423 1601 3484 sinrilitudine
1623 3431 1753 3486 statuere
1775 3445 1953 3504 possumus,
1976 3430 2131 3490 materiem
2152 3431 2195 3492 in·

596 3543 796 3606 flammationc
820 3546 995 3608 exsudatam
1017 3565 1053 3607 ea
1076 3545 1214 3625 primum,
1238 3565 1297 3627 qua
1320 3553 1425 3607 exorta
1449 3553 1512 3622 ost,
1534 3547 1565 3606 iu
1588 3554 1767 3609 structuram
1790 3548 1846 3610 sibi
1869 3549 2023 3630 propriam
2048 3551 2144 3628 abire;
2167 3565 2195 3616 at

594 3688 668 3730 vero
690 3686 755 3733 cam
779 3688 898 3750 semper
918 3670 1045 3750 primum
1070 3669 1100 3729 in
1123 3669 1282 3749 superficie
1304 3669 1381 3731 ossis
1404 3669 1513 3730 veteris
1535 3670 1566 3730 in
1588 3689 1691 3732 veram
1706 3671 1908 3751 cartilaginem
1926 3675 2106 3758 osseamque
2125 3677 2195 3740 sub-

594 3794 732 3852 stantiam
755 3791 837 3854 abire
859 3793 1008 3866 videmus,
1031 3801 1065 3854 ut
1087 3794 1185 3874 primo
1209 3794 1297 3854 etiam
1320 3812 1358 3854 ox
1381 3813 1451 3855 osso
1473 3793 1648 3854 exsudatam
1670 3813 1737 3856 esse
1760 3794 1867 3858 meritc
1890 3797 2072 3862 concludere
2095 3802 2193 3882 possi·

595 3933 671 3974 rrius.
717 3914 851 3988 Accedit,
874 3915 970 3994 quod,
1001 3915 1027 3976 si
1054 3916 1235 3994 periosteum
1259 3923 1346 3976 caute
1368 3916 1437 3978 inde
1459 3916 1497 3976 ab
1522 3916 1654 3978 aniculis
1683 3935 1789 3978 vorsus
1820 3921 1979 3982 tracturam
2007 3925 2192 4002 separabam,

594 4036 732 4098 materies
754 4035 807 4098 illa
829 4036 997 4116 gelatinosa
1019 4037 1050 4096 in
1073 4057 1142 4099 osse
1163 4039 1346 4100 remanebat.
1390 4037 1481 4120 Atqui
1504 4038 1577 4120 quid
1599 4039 1723 4102 omnino
1753 4041 1889 4121 impedit,
1910 4045 1984 4125 quin
2013 4063 2084 4107 ossa
2113 4045 2193 4110 laesa

594 4167 682 4241 atque
713 4159 827 4222 irritata
849 4159 1026 4222 inflammari
1049 4158 1289 4242 inflammataque
1311 4161 1466 4240 plasticam
1490 4163 1650 4241 arietariam,
1673 4164 1797 4244 perinde
1822 4184 1857 4226 ac
1879 4175 1979 4246 partes
2002 4169 2119 4244 molles,
2143 4191 2193 4232 ex·

593 4285 718 4346 sudent?

751 4408 981 4488 Investigantes,
1004 4427 1133 4489 quanam
1156 4428 1188 4468 re
1213 4417 1258 4470 tot
1278 4409 1334 4469 riri
1358 4409 1478 4471 adducti
1500 4411 1573 4484 sint,
1596 4423 1631 4471 ut
1653 4411 1859 4474 formationem
1893 4415 1962 4475 calli
1985 4433 2047 4476 raon
2070 4417 2100 4478 in
2124 4438 2191 4479 osse

591 4538 643 4596 sed
666 4542 752 4595 extra
773 4531 803 4593 id
826 4541 989 4612 ponerent,
1012 4531 1141 4592 maxime
1164 4531 1266 4612 opinio
1291 4533 1328 4593 de
1352 4533 1412 4594 vita
1435 4533 1547 4594 ossium
1571 4532 1675 4595 valens
1699 4537 1867 4598 accusanda
1897 4537 2024 4599 ridetur.
2072 4541 2189 4621 Quippe

591 4657 714 4718 durities
742 4664 830 4738 atquc
859 4654 993 4735 rigiditas
1024 4652 1102 4715 telae
1133 4673 1237 4715 osseae
1271 4655 1360 4715 eitam
1395 4656 1475 4716 haud
1507 4665 1642 4736 vegetam
1671 4657 1803 4720 indicare
1833 4659 2004 4734 videbatur,
2039 4681 2189 4744 quumque

589 4801 659 4843 ossa
681 4779 768 4840 etiam
791 4777 1022 4841 inflammatione
1045 4775 1094 4837 vix
1118 4778 1224 4838 mutari
1250 4779 1452 4852 observarent,
1476 4799 1511 4840 oa
1525 4800 1572 4840 ros
1595 4781 1732 4844 sulficere
1755 4781 1911 4844 ridebatur
1934 4785 1971 4845 ad
1991 4787 2187 4866 comproban-
