4818 5896
1358 519 1431 608 158

588 753 646 810 var,
671 755 703 798 se
727 735 758 796 in
781 729 969 806 animalibus,
991 729 1063 792 licat
1083 725 1218 810 quotidie
1240 729 1406 806 fragmenta
1428 728 1554 806 agitarit,
1577 726 1722 808 impedire
1744 730 1807 794 uon
1829 729 1973 808 putruisse,
1996 727 2069 809 quin
2091 746 2128 788 aa
2151 728 2197 790 iu-

588 869 634 924 ter
657 877 690 921 se
714 858 937 932 coalescerent3
960 855 1051 916 immo
1074 852 1238 934 plurimum
1261 850 1424 916 accelerari
1446 850 1603 914 videbatur
1626 852 1751 934 sanatio.
1797 850 1969 928 Fracturae,
1992 870 2067 932 quas
2091 853 2120 914 in
2144 869 2197 915 ex-

587 983 784 1048 tremitatibus
814 981 940 1064 posticis
967 977 1176 1040 cuniculorum
1207 975 1310 1052 effeci,
1339 995 1459 1049 omneS,
1488 977 1625 1058 quamvis
1653 977 1730 1038 ratio
1761 975 1920 1042 incedendi
1942 975 1988 1036 bis
2019 976 2217 1059 animalibus,

590 1109 712 1188 propria
733 1113 913 1187 perpetuum
935 1121 1040 1164 aarum
1063 1121 1151 1162 usum
1173 1101 1281 1180 exigat,
1304 1099 1385 1162 callo
1408 1118 1499 1162 osseo
1522 1107 1646 1164 sanatae
1668 1108 1745 1164 sunt

760 1227 1012 1292 Pseudartbroscs
1041 1226 1073 1286 iu
1104 1223 1204 1286 multis
1236 1224 1370 1297 ossibus,
1402 1231 1435 1284 ut
1465 1225 1495 1284 in
1525 1225 1631 1298 costis,
1661 1225 1740 1288 haud
1770 1224 1896 1298 multum
1928 1225 2094 1288 detrimenti
2125 1225 2196 1286 atie-

589 1365 658 1418 runt
679 1355 746 1436 (1);
779 1373 857 1436 quae
879 1370 953 1414 vcro
976 1353 1007 1414 in
1032 1349 1151 1412 ossibus
1183 1348 1401 1410 extremitatum
1432 1355 1516 1424 sunt,
1539 1347 1717 1431 plerumque
1746 1348 1912 1414 membrum
1934 1347 2039 1410 inutile
2062 1349 2198 1424 reddunt,

590 1501 625 1540 ac
648 1498 719 1542 raro
743 1484 858 1542 tantum
880 1475 997 1550 accidit,
1019 1480 1148 1562 ntuusus
1170 1491 1229 1554 pro
1251 1478 1337 1556 parte
1360 1489 1452 1552 aegro
1475 1479 1636 1536 remaneat.
1686 1469 1739 1538 sic
1760 1474 1891 1552 Royer
1913 1470 1966 1554 (2)
1990 1474 2087 1536 virum
2102 1491 2198 1556 quen·

590 1605 657 1664 darn
690 1603 874 1666 antibracbio
907 1601 1004 1662 fracto
1033 1617 1133 1680 neque
1156 1597 1283 1672 reunito,
1305 1597 1350 1660 uti
1369 1595 1489 1674 liberet,
1511 1604 1615 1660 narrat
1637 1616 1725 1660 nsum
1747 1597 1848 1662 tuisse.
1894 1597 1987 1662 Fides
2009 1598 2089 1662 enim
2118 1599 2197 1678 trag-

589 1737 758 1790 mentormn
780 1727 969 1806 superiorum
999 1724 1128 1786 formam
1151 1722 1325 1796 rotundam,
1360 1721 1465 1801 capitis
1487 1720 1654 1794 articularis
1678 1721 1819 1800 similem,
1843 1722 1943 1802 adepti
1965 1723 2096 1796 inerant,
2117 1723 2198 1800 frag-

591 1867 689 1914 menta
713 1869 786 1915 vero
810 1849 953 1912 inferiora
975 1854 1119 1911 excavata
1142 1853 1227 1908 crant
1249 1846 1390 1928 carisque
1414 1847 1476 1908 auis
1499 1849 1657 1928 superiora
1680 1847 1877 1927 excipiebant.
1924 1847 2034 1926 Margo
2054 1865 2200 1909 cavomm

592 1978 743 2038 anteriore
768 1975 862 2036 latere
891 1973 990 2034 miuus
1019 1969 1078 2031 alte
1110 1969 1285 2050 assurgebat
1312 1989 1403 2054 quana
1425 1971 1609 2050 posteriore,
1634 1979 1665 2032 ut
1688 1991 1777 2050 aeger
1800 1983 1897 2036 artum
1921 1971 2039 2037 demere
2070 1971 2198 2051 qnidam,

591 2079 652 2162 nou
677 2119 750 2162 vero
774 2097 1011 2180 supramodum
1035 2102 1200 2157 retrorsum
1222 2092 1384 2158 extendere
1414 2103 1526 2176 posset.
1580 2097 1723 2174 burrey
1747 2093 1799 2176 (3)
1828 2096 1954 2158 humero
1989 2105 2060 2176 post
2082 2097 2197 2158 'inactu-

590 2243 654 2286 ram
683 2243 745 2286 nou
776 2222 894 2284 reunito
922 2221 1080 2282 utilitatem
1108 2218 1253 2302 aliquam,
1281 2218 1352 2281 licet
1380 2219 1517 2297 exiguam
1548 2219 1645 2280 redire
1673 2220 1762 2294 vidit,
1786 2229 1815 2282 ct
1837 2221 2027 2284 Bdttuber
2048 2219 2108 2303 (4)
2131 2239 2198 2318 mu-

590 2349 671 2410 iicris
695 2346 875 2410 mentionem
898 2344 983 2422 iacit,
1018 2362 1110 2426 quae,
1144 2341 1214 2404 licet
1242 2342 1456 2406 antibracbium
1481 2342 1726 2422 pseudartbrosiu
1750 2344 1915 2421 exhiberet,
1950 2353 2049 2416 tamen
2079 2343 2198 2406 modio-

592 2472 655 2532 lum
680 2490 758 2552 aqua
782 2469 932 2550 repletum
954 2466 1063 2530 tollere
1086 2468 1227 2548 potuerit.

752 2595 786 2656 ln
821 2591 962 2654 curandis
998 2591 1280 2671 pseudartbrosibus
1311 2599 1372 2652 tum
1401 2611 1509 2654 causae
1540 2593 1739 2671 universales,
1773 2613 1851 2676 quae
1885 2597 2095 2658 formationem
2129 2593 2199 2656 calli

594 2720 825 2800 impediverunt,
855 2716 1054 2778 remorandae
1085 2722 1168 2790 sunt,
1207 2723 1268 2776 tum
1303 2717 1369 2798 ipsa
1403 2716 1568 2798 fragmenta
1598 2718 1763 2780 irritatione
1786 2718 1826 2780 ad
1847 2738 1957 2784 novam
1988 2717 2199 2784 inflammatio-

593 2862 659 2906 nem
689 2841 859 2924 caiiumquc
890 2839 1071 2920 gignendum
1103 2839 1270 2900 excitanda.
1315 2839 1410 2922 quue
1439 2840 1531 2904 variis
1560 2841 1660 2922 modis¹
1688 2850 1830 2907 tentatum
1855 2851 1913 2919 est,
1936 2855 1968 2906 ut
1998 2842 2198 2906 reticentibus

592 2979 621 3030 et
643 2967 785 3031 cauteriis
808 2972 895 3026 extus
918 2964 1086 3044 applicatis,
1111 2963 1283 3046 fragmentis
1306 2983 1398 3044 saepe
1422 2965 1499 3025 inter
1520 2983 1554 3027 se
1576 2965 1783 3042 conterendis,
1806 2967 1855 3028 vel
1879 2968 1919 3030 ita
1948 2979 1979 3028 ut
2004 2987 2093 3046 aeger
2120 2977 2197 3030 artu.

591 3091 691 3152 fasciis
723 3097 811 3151 antea
839 3087 1010 3168 applicatis,
1034 3086 1142 3149 sedulo
1167 3090 1208 3148 uti
1229 3086 1404 3166 juberetur3
1428 3088 1552 3177 Wbite
1576 3087 1634 3173 (5)
1657 3092 1855 3156 resectionem
1879 3093 1981 3154 tiriinm
2005 3093 2082 3156 ossis
2112 3093 2197 3154 fracti

591 3212 823 3289 commendavit,
854 3219 925 3294 post
954 3231 971 3272 a
1000 3212 1100 3272 inuitis
1129 3211 1274 3288 chirurgia
1302 3211 1390 3276 vario
1419 3231 1561 3276 successu
1590 3213 1762 3288 adhibitam
1793 3216 1941 3278 Hunter
1964 3215 2019 3298 (6)
2051 3217 2196 3297 pscudar-

592 3339 704 3406 theosin
723 3337 868 3400 incisione
891 3343 1022 3416 apertam
1039 3334 1176 3416 spatlmla
1199 3335 1332 3396 irritavit.
1380 3337 1521 3400 Omnium
1546 3357 1618 3400 raro
1642 3341 1877 3419 prosperrimum
1901 3342 2054 3423 iuncusque
2077 3361 2196 3402 sucinos-

593 3429 783 3558 suin'habnit
806 3458 968 3522 remedium
991 3459 1089 3538 primo
1114 3477 1131 3518 a
1154 3459 1389 3522 Wiuslowio
1412 3464 1618 3542 propositum,
1643 3471 1712 3543 post
1735 3464 1766 3526 in
1789 3465 1898 3544 Augiia
1921 3487 1939 3524 a
1960 3465 2143 3543 Physick‚
2166 3469 2196 3526 iu

593 3587 692 3650 Gallia
723 3609 740 3646 a
771 3586 894 3664 Percy
923 3589 1112 3656 revocatum,
1143 3583 1193 3664 qui
1223 3589 1373 3646 setaceunr
1403 3604 1458 3665 par
1485 3585 1733 3666 psendarthroaiu
1764 3589 1959 3652 traduxerunt
1982 3587 2045 3668 (7).
2099 3593 2195 3652 Bro-

593 3709 741 3796 utere),
764 3708 846 3770 aliud
877 3707 1065 3795 commendat
1097 3706 1134 3766 ab
1158 3707 1372 3787 aiuresbnry
1407 3711 1595 3792 propositum
1621 3713 1799 3788 remedium,
1834 3733 1894 3794 quo
1917 3733 1997 3776 nova
2028 3715 2129 3776 itidem
2152 3719 2195 3776 iu·

591 3836 751 3898 tiarrnuatio
776 3835 805 3894 iu
829 3831 938 3894 iinibus
962 3832 1039 3894 ossis
1064 3831 1223 3904 excitetur,
1248 3833 1370 3894 fasciam
1394 3834 1506 3895 scilicet
1532 3836 1570 3896 ita
1594 3836 1787 3916 applicatam,
1813 3849 1843 3897 ut
1868 3840 2029 3916 sragnwuta
2054 3857 2134 3901 arere
2155 3843 2196 3902 nd

592 3961 719 4019 irminam
742 3958 956 4037 imprimantur,
981 3975 1040 4036 qua
1063 3956 1176 4036 plurios
1200 3975 1263 4016 rem
1285 3977 1432 4038 prospere
1456 3960 1582 4020 cessisse
1607 3961 1742 4022 affirmat.

593 4129 911 4148 W*—

722 4225 726 4236 ’
754 4235 792 4302 (Ι)
813 4241 946 4304 iirotiie,
965 4241 983 4288 l.
1003 4259 1024 4291 r,
1047 4258 1069 4304 p.
1089 4241 1151 4296 349.

752 4327 790 4391 (2)
814 4329 930 4392 iiuper,
950 4331 1062 4392 elrirnrg.
1083 4331 1201 4382 liraubb,
1221 4331 1296 4384 Tum.
1316 4332 1365 4380 ΙΙΙ.
1386 4350 1410 4396 p,
1429 4332 1473 4387 95,

753 4411 797 4486 (3)
820 4419 950 4482 Larrep,
970 4419 1047 4474 me'm.
1067 4419 1100 4468 de
1119 4421 1184 4470 ebir.
1203 4421 1278 4472 Toni.
1298 4421 1332 4472 11,
1354 4438 1378 4484 p.
1399 4419 1459 4473 1³1.

753 4501 794 4574 (i)
815 4507 996 4571 bottelaer,
1017 4510 1171 4558 rennuitae
1190 4510 1314 4560 meabit-iu.
1335 4511 1482 4560 Srbriiiru.
1502 4512 1563 4561 [aar.
1586 4512 1594 4556 1
1626 4527 1647 4572 p.
1668 4513 1685 4556 ti
1717 4513 1875 4576 ii-'tnigrberg
1898 4517 1972 4568 tritt.

751 4591 793 4662 (5)
814 4596 852 4642 W
860 4597 941 4658 nire,
960 4612 1032 4645 caree
1049 4597 1078 4645 in
1097 4612 1213 4660 earrgery.
1234 4599 1342 4646 Lunduu
1367 4600 1441 4650 1Πο.
1463 4602 1500 4648 i‘i.
1521 4597 1673 4653 liieirter,
1692 4601 1754 4650 ebir.
1771 4604 1838 4655 iiiiii,
1860 4613 1918 4654 turn.
1942 4605 1961 4654 Ι.
1980 4609 2043 4658 iam.
2060 4608 2089 4656 3.
2110 4626 2134 4671 p,
2150 4611 2195 4662 Π,

750 4685 789 4748 (ii)
810 4687 847 4739 (Ἰ,
868 4686 1005 4744 Brudir,
1024 4686 1043 4738 i.
1062 4701 1086 4737 c.
1106 4701 1130 4748 p.
1150 4685 1212 4738 ³50.
1874 4740 1876 4751 1

751 4770 793 4840 (i)
818 4776 856 4825 i'i.
883 4775 1036 4822 Richter.
1071 4776 1137 4823 iiber
1155 4776 1320 4826 Luxaiiunrn
1349 4795 1377 4826 u.
1409 4776 1549 4822 b'ruutrareu
1579 4795 1603 4840 p.
1626 4778 1682 4831 1³8.
1705 4805 1734 4814 -
1773 4799 1797 4830 a.
1818 4783 1947 4830 tirnaio·
1975 4796 1999 4830 rt
2033 4788 2195 4842 bb'aitbcr,

590 4868 709 4924 durarum,
728 4874 789 4912 taran.
809 4863 867 4912 tn.
889 4861 912 4922 p'.
931 4861 992 4910 33t.

751 4946 791 5014 (8)
815 4951 952 5009 Rruaiir,
975 4954 990 5004 Ι,
1011 4969 1033 5002 r.
1055 4969 1077 5014 p.
1098 4949 1159 5000 350.
