4784 5894
1378 523 1457 602 112

611 735 752 818 explieat,
772 755 845 802 ossa
865 737 898 815 iq
922 743 1026 802 tenera
1048 743 1147 800 aetate
1169 733 1208 798 ad
1229 741 1367 820 naturam
1390 735 1533 817 periostei
1554 733 1680 818 propius
1703 733 1856 814 accedere,
1877 735 2007 820 indeque
2030 743 2061 801 at
2081 737 2161 819 ipsa
2183 745 2238 802 tn·

611 861 726 925 arefieri
748 881 840 942 posse
863 863 977 940 (l).-

773 987 856 1048 llaec
877 985 1024 1048 sententia
1044 984 1135 1048 nimis
1156 982 1278 1047 insolite
1300 989 1378 1060 erat,
1401 1003 1438 1046 ao
1458 982 1547 1049 nimia
1566 982 1734 1048 differebat
1756 983 1795 1047 ab
1819 983 1872 1062 iis,
1894 1003 1972 1067 quae
2002 992 2092 1050 antea
2120 985 2235 1048 value-

613 1113 688 1184 rant,
712 1129 801 1191 quam
824 1118 856 1172 ut
878 1110 958 1172 iuter
978 1110 1061 1172 viros
1085 1107 1192 1170 doctos
1215 1127 1278 1170 non
1301 1107 1446 1170 acerrima
1468 1108 1677 1189 insequeretur
1699 1107 1892 1190 disceptatio3
1914 1115 1946 1172 at
1967 1127 2005 1170 ex
2027 1110 2084 1172 lrac
2099 1109 2178 1189 ipsa
2201 1128 2236 1172 re

611 1250 728 1294 summa
749 1233 779 1294 in
801 1234 879 1295 lranc
901 1232 1068 1296 doctrinam
1090 1231 1270 1294 redundavit
1290 1231 1412 1294 utilitas.

770 1357 902 1420 Primum
923 1357 1112 1420 Boelrmer
1134 1353 1185 1435 (2)
1209 1355 1327 1430 exstitit,
1350 1373 1455 1418 eorum
1478 1354 1642 1418 defendens
1668 1355 1854 1434 sententiam,
1877 1357 1929 1438 qui
1954 1375 2079 1420 succum
2097 1375 2232 1422 osseum

612 1479 788 1542 exsudatum
812 1481 882 1544 calli
904 1480 989 1544 initia
1011 1499 1077 1543 esse
1099 1477 1274 1552 voluerunt3
1296 1477 1478 1542 innitebatur
1499 1477 1666 1542 eonrlitioni
1694 1478 1766 1542 calli
1793 1478 1910 1542 solidae
1949 1479 1997 1544 vel
2027 1481 2232 1561 spongiosae,

610 1603 691 1666 baud
712 1624 786 1666 vero
808 1603 994 1681 lamellosae,
1017 1602 1115 1685 qualis
1135 1603 1304 1666 secundum
1326 1601 1492 1664 llamelii
1518 1603 1697 1668 senteutiam
1720 1621 1787 1666 esse
1808 1602 1945 1678 deberem
1966 1595 2061 1684 porro
2080 1603 2231 1668 fracturis

554 1769 556 1774 -
610 1700 748 1814 pluribus
770 1728 962 1790 comminutis
985 1726 1111 1788 feliciter
1132 1725 1259 1802 sanatis,
1281 1744 1359 1806 quae
1380 1745 1451 1788 cum
1469 1727 1589 1804 jactura
1608 1725 1794 1790 substantiae
1822 1731 1853 1788 et
1886 1727 2089 1792 destructione
2118 1729 2230 1809 perio·

610 1854 666 1914 stei
691 1854 870 1923 conirmctae
891 1852 1018 1926 fuerant,
1041 1850 1084 1911 ita
1105 1855 1139 1910 ut
1160 1849 1344 1929 periosteum
1367 1848 1408 1910 ad
1429 1849 1669 1912 serrationamnil
1693 1851 1831 1912 conferre
1850 1857 1965 1930 posset.
2008 1851 2091 1914 ldem
2114 1853 2150 1914 in
2173 1871 2229 1914 ex-

611 1964 783 2057 perimentis
806 1993 883 2056 quae
905 1973 1020 2056 aliquot
1044 1973 1129 2035 annis
1157 1979 1227 2052 post
1249 1993 1318 2038 cum
1340 1973 1427 2036 rubia
1448 1974 1610 2036 tinetarrun
1631 1973 1757 2036 instituit
1779 1971 1841 2056 (3),
1864 1973 1939 2036 fines
1963 1975 2108 2038 infractos
2133 1975 2228 2038 tumi-

610 2100 675 2175 dos,
699 2099 881 2179 perioateum
904 2117 967 2159 non
989 2096 1175 2160 rubefactuur
1197 2097 1326 2178 quidem,
1349 2096 1403 2160 sed
1425 2096 1567 2174 crassius,
1589 2095 1786 2178 lamellasque
1807 2115 1922 2174 osseas,
1945 2104 1978 2159 ut
1998 2098 2122 2180 quidem
2132 2100 2225 2162 vide-

609 2223 725 2298 bantur,
749 2242 787 2284 ex
809 2241 847 2284 eo
869 2222 1020 2302 prolectas
1042 2220 1135 2292 aialim
1157 2225 1314 2299 praeterea
1343 2219 1540 2282 substantiam
1569 2218 1791 2295 intermediam,
1814 2220 1980 2300 cartilagini
2004 2222 2138 2286 similem
2171 2223 2225 2286 de·

608 2344 773 2426 prehendit,
795 2363 873 2426 quae
894 2361 993 2424 neque
1015 2343 1047 2404 ia
1068 2361 1105 2404 os
1129 2342 1230 2404 abibat
1250 2359 1348 2422 neque
1377 2341 1482 2404 colore
1509 2342 1604 2404 rubro
1633 2342 1812 2422 tingebatur.
1835 2376 1878 2392 -
1924 2345 2039 2408 Eadem
2072 2352 2223 2428 tempore,

609 2457 754 2530 suadente
776 2465 924 2542 llaller,
946 2465 1036 2544 hujus
1059 2470 1218 2544 prosector
1249 2464 1385 2529 Detlei
1410 2463 1463 2541 [1)
1487 2465 1691 2545 experimenta
1714 2464 1752 2528 de
1779 2468 1935 2530 mantione
1964 2468 2077 2532 ossium
2107 2472 2222 2534 mecro-

609 2609 677 2654 rum
706 2593 737 2652 in
767 2587 943 2651 animalibus
971 2587 1111 2689 instituit,
1133 2605 1211 2669 quae
1239 2586 1341 2649 radice
1368 2587 1472 2650 rubiae
1494 2588 1657 2652 tinetmum
1678 2587 1843 2654 alebantur.
1888 2591 2029 2656 llaller
2050 2591 2107 2678 (ὅ)
2139 2596 2220 2658 enim

608 2716 684 2777 lraec
705 2713 863 2776 sentiebat:
902 2712 945 2774 »si
968 2711 1064 2774 callus
1085 2710 1270 2791 periosteum
1292 2717 1338 2774 est
1364 2711 1549 2790 induratum,
1582 2712 1677 2790 idem,
1700 2713 1825 2793 perinde
1854 2720 1888 2776 ut
1914 2716 1975 2778 lroc
2005 2717 2217 2792 velamentum,

609 2839 695 2900 albus
718 2837 782 2899 erit.
828 2835 861 2898 Si
884 2835 1054 2898 contrarios
1077 2841 1201 2896 eveums
1222 2834 1325 2898 locum
1352 2836 1443 2898 habet
1471 2841 1501 2900 et
1528 2835 1625 2902 callus
1654 2837 1721 2917 ipse
1747 2837 1849 2914 rubet,
1871 2838 1991 2902 videtur
2018 2841 2123 2923 sequi,
2148 2862 2217 2904 eum

607 2962 720 3044 aliquid
742 2981 761 3023 a
783 2960 935 3041 periostec
958 2957 1110 3020 diversum
1133 2978 1208 3034 esse,
1231 2957 1320 3040 idque
1342 2959 1544 3024 velamentum
1566 2979 1723 3022 essenon
1744 2979 1902 3041 generare,
1925 2963 2072 3045 siquidem
2102 2966 2215 3028 callum

513 3117 516 3126 ,
607 3103 671 3147 narr
692 3084 818 3163 gignit«
870 3081 931 3143 Sed
953 3099 1042 3162 quam
1068 3079 1146 3142 ialse
1169 3081 1211 3144 ita
1232 3087 1454 3160 argumentatus
1477 3080 1529 3158 sit,
1550 3081 1646 3163 liquet
1666 3084 1716 3144 vel
1740 3104 1777 3146 ex
1805 3085 1858 3162 iis,
1886 3105 1966 3166 quae
1994 3107 2087 3170 supra
2118 3089 2215 3164 (P.l.

607 3227 674 3289 cap.
696 3207 770 3288 Vll)
788 3205 825 3266 de
843 3203 963 3266 ossibus
985 3203 1073 3266 rubia
1094 3203 1193 3266 tinctis
1217 3202 1389 3270 dictasunt.
1420 3236 1463 3252 -
1509 3206 1654 3268 Detlel
1681 3176 1786 3287 primis
1804 3215 1874 3288 poet
1890 3216 2029 3272 exortam
2052 3213 2213 3276 tracturam

608 3331 713 3393 diebus
735 3330 838 3413 gluten
861 3333 958 3402 tenue,
980 3326 1097 3388 viscum
1120 3325 1240 3400 rubens,
1263 3325 1316 3386 fila
1338 3328 1457 3390 trahens
1480 3346 1573 3407 super
1595 3329 1670 3392 fines
1694 3330 1841 3394 infractos
1861 3332 1960 3396 nudos
1984 3333 2111 3396 effusum
2129 3337 2214 3398 inve-

606 3456 664 3532 nit,
687 3454 770 3536 quod
798 3452 834 3513 ab
861 3451 936 3530 ipsis
961 3447 1098 3514 faciebus
1128 3449 1228 3512 fractis
1258 3467 1295 3510 aa
1316 3449 1443 3512 maxime
1467 3469 1483 3510 e
1506 3450 1640 3514 medulla
1668 3452 1825 3520 uidebatur
1853 3455 2023 3534 proiectum
2053 3477 2137 3532 esse;
2167 3458 2214 3522 hic

607 3555 715 3642 succus
737 3596 809 3640 mox
829 3575 863 3636 in
883 3573 1044 3655 gelatinam
1066 3571 1167 3636 abibat
1188 3563 1354 3647 tremulam,
1376 3572 1488 3638 scamni
1510 3573 1682 3656 sensimque
1702 3575 1832 3639 solidior
1846 3579 2000 3642 evadebat
2022 3600 2059 3644 ae
2081 3582 2212 3664 denique

606 3703 779 3787 qualitatem
803 3697 985 3778 cartilaginis
1008 3695 1251 3772 nmciseabatur;
1273 3695 1305 3758 in
1327 3713 1365 3758 eo
1387 3694 1488 3758 nuclei
1511 3698 1592 3758 ossei
1615 3698 1843 3777 exprimantur,
1866 3703 1917 3784 qui
1940 3704 2035 3783 magia
2056 3706 2212 3788 magisque

606 3828 686 3891 aucti
709 3833 797 3906 atque
820 3827 964 3886 coeuntes
987 3820 1107 3882 tandem
1130 3825 1223 3882 totam
1246 3818 1450 3899 cartilaginem
1473 3819 1674 3900 occupabant;
1701 3841 1775 3884 vasa
1798 3824 1925 3907 denique
1942 3827 1974 3890 in
1993 3829 2084 3890 lrosoe
2102 3829 2209 3892 immit-

605 3949 753 4022 tebantur,
776 3953 865 4026 atque
888 3944 983 4004 callus
1005 3963 1111 4004 verum
1134 3962 1170 4004 os
1193 3943 1389 4026 spongiosum
1404 3927 1559 4006 ,eradebat
1605 3945 1702 4009 Simul
1725 3946 1823 4010 callus
1846 3949 1932 4011 rubia
1948 3951 2119 4015 rrrbet‘actus
2137 3960 2208 4026 erat,

766 4155 807 4224 (1)
827 4159 869 4209 dra
888 4155 1026 4218 llamel,
1045 4153 1121 4206 aem
1140 4153 1218 4204 mem.
1237 4169 1282 4204 aur
1299 4155 1326 4203 la
1343 4154 1456 4208 reunion
1475 4156 1521 4206 dea
1539 4156 1680 4218 tractarem
1699 4160 1729 4208 r'n
1743 4160 1825 4218 me'sa,
1843 4163 1877 4212 de
1893 4158 1988 4216 i'arad.
2008 4179 2061 4229 roy.
2074 4167 2205 4220 deciens.

607 4244 730 4310 11421».
749 4246 811 4296 222.
1141 4314 1144 4320 .
1514 4295 1518 4300 .

764 4331 805 4396 (2)
823 4335 1003 4395 eorunm,
1023 4333 1056 4382 de
1074 4332 1173 4380 ossium
1190 4331 1269 4384 calio.
1288 4331 1359 4394 Lips.
1380 4331 1465 4394 17⁴1th
1482 4349 1536 4386 ree.
1555 4336 1585 4386 ia
1603 4336 1708 4386 narrari
1727 4338 1823 4400 disput
1843 4347 1913 4406 anat.
1932 4341 1991 4394 l'ai.
2009 4341 2053 4403 Vl,
2070 4359 2097 4406 p.
2116 4342 2178 4394 4⁵1.

764 4417 806 4486 (3)
823 4418 989 4483 Ejusdem
1005 4421 1133 4484 prolusio,
1154 4431 1209 4482 qua
1227 4419 1328 4468 callum
1346 4421 1458 4483 ossium,
1482 4423 1575 4472 rubiae
1595 4426 1737 4476 tinctorum
1754 4427 1849 4476 radicis
1866 4436 1952 4491 pastu
1976 4431 2132 4482 intentorum
2161 4432 2202 4482 rie·

607 4512 719 4574 scripsit.
755 4509 827 4570 Lips.
847 4508 926 4562 1152.

764 4593 805 4662 (4)
824 4595 962 4658 narret,
980 4596 1042 4644 alise.
1060 4598 1161 4648 ossium
1180 4597 1243 4646 calli
1254 4598 1448 4660 generationem
1467 4605 1494 4646 et
1512 4598 1579 4646 calli
1599 4608 1717 4650 nabrrara
1735 4603 1764 4650 in
1781 4604 1943 4653 animalibus
1961 4607 2055 4662 rubiae
2063 4609 2203 4658 tinctorum

607 4688 697 4737 redire
721 4687 800 4749 pastis
825 4685 1023 4733 demonstratam
1047 4685 1185 4736 exhibens.
1218 4685 1340 4753 Gelting.
1360 4684 1440 4738 115³.
1458 4709 1494 4721 -
1522 4687 1700 4750 thttingisclrae
1717 4691 1852 4754 mrigera
1870 4708 1922 4742 von
1939 4695 2074 4756 gerla-lmen
2091 4695 2202 4749 sochen,

611 4774 689 4827 1153,
710 4791 736 4839 p.
756 4774 815 4823 111.

764 4855 810 4928 (5)
830 4862 973 4923 Haller,
1000 4861 1071 4909 deux
1095 4859 1233 4910 memorare
1256 4861 1532 4914 maturescentes
1553 4878 1592 4918 us.
1630 4865 1711 4916 Laus.
1732 4864 1810 4922 1⁷⁵8.
1832 4891 1865 4906 -·
1900 4871 1970 4934 opp.
1987 4871 2054 4932 min,
2072 4870 2101 4920 Τ.
2120 4871 2154 4920 ll.
2174 4869 2201 4922 P.

606 4953 643 5004 ΙΙ.
662 4971 689 5018 p.
708 4950 770 5000 462.
