4784 5894
971 619 1045 692 lta

204 831 291 905 dum,
314 849 385 892 ossa
407 832 445 892 ad
469 831 677 892 formationem
701 825 769 890 calli
794 847 899 908 parurn
923 831 1071 891 coralerre.
1115 828 1240 892 Accedit
1262 839 1413 890 structura
1443 831 1649 909 cartilaginum
1681 833 1804 892 antehac
1840 801 1849 810 ι

202 971 309 1034 parum
332 954 465 1035 cognita3
489 969 550 1038 qno
574 955 684 1016 lactum
707 961 761 1028 est,
784 963 817 1014 ut
839 954 932 1014 multa
955 971 1014 1034 pro
1037 953 1210 1033 cartilagine
1232 953 1428 1028 haberentur,
1452 954 1560 1034 quibus
1583 954 1624 1014 nil
1649 975 1715 1015 cmn
1740 975 1805 1014 car-

202 1077 323 1156 tilagine
347 1097 506 1140 commune
529 1085 582 1154 est,
605 1078 734 1159 ideoque
750 1079 823 1158 ipsis
846 1077 1066 1158 experimentis,
1089 1077 1199 1138 callum
1223 1077 1389 1158 apartibus
1404 1077 1546 1138 mallibus
1569 1087 1666 1139 ornam
1682 1080 1806 1152 trahere,

201 1202 394 1279 comprobari
427 1203 588 1264 rideretur.
642 1201 745 1262 'l'elam
777 1201 891 1263 ossium
922 1202 1002 1262 haud
1025 1219 1113 1280 egere
1143 1201 1264 1264 vasibus
1296 1201 1417 1284 vitaque
1450 1201 1523 1262 satis
1556 1211 1664 1280 vegeta
1697 1173 1807 1262 instrnss

201 1335 278 1385 etam
309 1343 392 1398 esse,
414 1327 447 1386 iu
469 1326 566 1405 prima
594 1327 729 1386 sectione
751 1326 892 1405 exposui,
916 1325 1046 1406 indeque
1063 1343 1143 1386 -non
1163 1325 1295 1402 dubium,
1317 1325 1389 1407 quin
1412 1345 1448 1387 ea
1470 1326 1594 1406 perinde
1618 1289 1706 1406 atque
1729 1323 1806 1386 aliae

199 1449 276 1509 telae
306 1448 465 1527 organicae
498 1449 731 1510 mhamnratiana
754 1448 866 1528 corripi
889 1448 986 1528 possit
1017 1448 1259 1531 inflammataque
1281 1455 1399 1510 auctam
1421 1449 1551 1510 fibrinae·
1569 1450 1686 1530 copiam
1711 1449 1804 1510 effutt-

199 1571 259 1632 dat.
304 1572 444 1634 Densitas
468 1577 566 1634 autem
589 1579 678 1654 atque
701 1572 824 1634 durities
846 1571 925 1633 telae
948 1586 1056 1634 osseae
1076 1573 1207 1662 impedit,
1230 1573 1412 1656 quominus
1434 1573 1577 1636 materias·
1589 1574 1751 1634 exsudatos
1774 1574 1804 1634 in

198 1694 364 1757 interstitiis
383 1695 476 1772 telae,
497 1696 541 1758 uti
563 1695 596 1757 in
617 1697 752 1776 partibus
775 1695 916 1758 mollibus
938 1696 988 1772 nt,
1012 1703 1230 1775 congerentem
1258 1696 1339 1766 unde
1361 1715 1433 1760 ossa
1462 1699 1492 1758 in
1522 1697 1804 1758 inflammationibus

198 1819 293 1882 acutis
314 1837 378 1881 non
400 1820 570 1896 tumetium,
592 1819 648 1882 sed
670 1839 774 1881 eorum
796 1819 972 1900 superficies
994 1825 1118 1881 autema
1138 1825 1171 1881 et
1191 1820 1309 1882 interna
1330 1821 1462 1883 materiis
1484 1819 1637 1882 exsudatis
1664 1819 1803 1880 obtundi-

198 1953 254 2003 tur.
308 1942 432 2004 lnsttiari
464 1944 582 2025 nequit,
613 1943 797 2023 periosteum
827 1944 866 2005 ad
888 1943 1090 2023 effingendam
1119 1941 1231 2004 callum
1253 1944 1374 2019 maximi
1397 1945 1538 2006 momenti
1562 1963 1644 2018 csse;
1667 1945 1698 2004 id
1718 1945 1804 2024 quod

198 2085 236 2127 eo
259 2067 487 2146 comprobatur,
510 2068 593 2149 quod
616 2067 712 2129 callus
734 2068 863 2147 primum
886 2085 922 2128 ea
945 2074 1058 2128 tantum
1081 2067 1227 2146 gignitur,
1250 2087 1309 2150 qua
1330 2067 1515 2147 periosteum
1538 2069 1601 2130 ossi
1623 2069 1720 2130 adhuc
1750 2068 1803 2128 ad-

197 2191 312 2265 haeret,
340 2189 533 2270 inpartibus
561 2209 637 2252 vero
667 2191 825 2252 denudatis
853 2199 916 2252 tum
946 2191 1079 2267 demam,
1107 2191 1159 2252 ubi
1183 2210 1251 2252 cum
1273 2191 1408 2272 partibus
1439 2189 1582 2255 mollibus
1613 2193 1801 2269 coaluerunt,
1861 2209 1865 2227 ’
1976 2199 1982 2208 “

197 2314 276 2390 siva,
307 2321 340 2376 ut
369 2312 497 2376 alierum
526 2315 625 2376 verbis
653 2322 734 2391 utar,
763 2333 847 2376 novo
869 2315 1022 2395 periosteo
1046 2313 1194 2378 obductae
1216 2288 1295 2376 sunt.
1340 2315 1455 2377 Vanam
1477 2317 1545 2394 hcc,
1567 2317 1610 2377 uti
1632 2323 1713 2378 recte
1729 2335 1801 2377 mo-

196 2437 262 2498 nuit
283 2440 437 2517 Larrey,
470 2438 503 2499 in
535 2438 680 2518 singulari
715 2445 829 2500 tantum
862 2457 1008 2500 vasonem
1033 2438 1206 2502 conditione
1228 2437 1361 2519 positum
1383 2445 1446 2514 est,
1480 2459 1557 2522 qnae
1579 2457 1641 2502 non
1664 2447 1747 2500 reeta
1769 2440 1799 2501 in

197 2561 295 2641 ipsum
308 2581 344 2623 os
355 2561 575 2641 ingrediuntur,
598 2561 651 2623 sod
664 2583 681 2624 c
692 2563 845 2642 periostco
858 2569 887 2623 et
898 2561 1031 2623 medulla
1042 2569 1183 2644 tanquam
1205 2581 1349 2625 vasorum
1373 2563 1526 2644 apothecis
1549 2565 1798 2627 transmittuntur.

357 2689 546 2766 Quamquam
573 2685 663 2763 igihu
693 2684 845 2745 materiem
873 2684 953 2744 callo
985 2686 1143 2745 formando
1173 2684 1345 2764 primariam
1376 2706 1414 2746 cx
1444 2687 1512 2766 ipso
1544 2707 1613 2749 csse
1645 2688 1798 2768 proticisci

195 2809 285 2870 certis
316 2807 497 2886 argumentis
527 2806 718 2888 comprobari
740 2807 859 2888 nequit,
880 2806 945 2867 veni
966 2813 1066 2866 tarrten
1089 2807 1148 2867 hoc
1170 2807 1353 2868 sinrillhnnm
1383 2816 1429 2870 est
1457 2828 1495 2869 ox
1518 2810 1684 2872 rationibus
1707 2830 1799 2889 supra

194 2931 308 3004 allatis;
339 2939 424 2992 extra
456 2949 492 2992 os
520 2949 596 2992 vcro
625 2937 659 2990 ut
690 2929 835 3008 originem
865 2927 936 2990 calli
959 2947 1151 3012 quaeramus,
1181 2928 1253 2990 nihil
1277 2937 1338 3008 est,
1362 2931 1445 3013 quod
1467 2949 1588 2993 arcuere
1612 2953 1669 2994 nos
1692 2934 1796 3012 possit.

194 3055 255 3116 Sed
278 3055 488 3138 qualecunque
515 3054 627 3129 idest,
650 3054 710 3115 hoe
732 3061 814 3115 certo
838 3052 935 3114 statui·
949 3057 1062 3133 potest,
1086 3053 1282 3115 materiem
1314 3055 1410 3117 calli
1436 3055 1474 3116 in
1503 3055 1797 3136 cartilagineam

194 3197 422 3260 osseamqne
448 3177 710 3240 substantiam
742 3177 833 3238 iudo
867 3195 910 3238 ex
939 3195 1025 3239 osse
1054 3187 1089 3238 et
1112 3177 1265 3259 quidem
1288 3197 1306 3240 e
1328 3179 1417 3242 solo
1440 3199 1531 3242 osso
1553 3180 1798 3252 conranntarh

194 3323 297 3384 eaque·
312 3303 404 3365 totius
426 3321 589 3382 processus
611 3301 787 3381 gravissunt
810 3319 882 3382 prata
905 3307 959 3363 est.
1046 3317 1051 3324 '

352 3424 382 3489 Q.
429 3426 710 3488 Formatiouem
734 3424 827 3488 calli
850 3443 966 3486 uerae
989 3424 1241 3504 cartilaginis
1264 3428 1673 3492 formatio'auteecdit.
1714 3431 1797 3490 llaec

191 3551 337 3612 sententia
366 3549 404 3610 nh
435 3549 589 3611 omnibus
607 3551 669 3611 iere
692 3555 816 3630 accepta
845 3559 899 3626 cst,
934 3569 1113 3633 quamquam
1147 3550 1302 3633 hucusque
1325 3549 1442 3632 signnm
1465 3553 1617 3632 cognitura
1638 3571 1701 3614 non
1724 3563 1797 3627 erat,

190 3693 251 3756 quo
285 3674 346 3736 tela
379 3673 574 3753 cartilaginea
598 3681 682 3736 certo
705 3673 840 3754 dignosci
863 3681 979 3753 possen
1012 3673 1141 3754 indeque
1174 3675 1355 3754 scriptoram
1377 3674 1523 3755 plurimos
1546 3675 1624 3736 haud
1657 3675 1796 3736 distinete

191 3807 306 3860 ereum
328 3797 519 3878 ambiguitate
540 3797 669 3879 quadam
691 3799 748 3858 hac
770 3797 809 3857 da
832 3813 866 3856 rc
880 3796 1036 3858 'disserere
1056 3795 1200 3871 videmus,
1222 3803 1256 3858 ut
1266 3795 1358 3857 ruodo
1382 3797 1420 3858 de
1437 3804 1515 3858 statu
1531 3797 1600 3858 calli
1623 3797 1796 3860 libro-car-

190 3923 369 4002 tilaginoeo,
404 3922 496 3984 modo
517 3921 737 4002 cartilaginoso
755 3919 864 3980 dicam.
910 3918 943 3978 Si
967 3926 1230 3980 uccttratc'eorutn
1254 3919 1366 4000 scripta
1388 3917 1613 4000 perlustramus,
1647 3940 1717 3982 rhox
1747 3923 1793 3982 in-

192 4045 365 4126 telligimus,
393 4045 497 4107 multa·
515 4054 642 4126 propter
668 4049 821 4105 externam
850 4043 981 4123 speciem
1015 4063 1074 4123 pto
1094 4042 1266 4122 cartilagine
1290 4043 1391 4105 habita
1412 4063 1492 4120 asae,
1526 4044 1635 4127 quibus
1658 4046 1702 4106 nil
1724 4065 1793 4108 cunr

190 4169 362 4250 cartilagine
384 4189 543 4232 commemo
566 4179 627 4242 est;
648 4187 760 4243 rerum,
783 4176 817 4228 ut
838 4175 918 4229 recte
942 4167 1141 4248 intelligamus
1164 4167 1371 4229 temtationem
1397 4168 1483 4244 calli,
1507 4169 1627 4230 araximi
1651 4172 1793 4232 momenti

189 4305 247 4368 ast,
276 4295 442 4356 accuratius
465 4314 532 4356 eam
554 4295 705 4372 ‹listhrgnh
751 4291 841 4353 Stilus
863 4293 1043 4372 tiowship
1068 4251 1270 4372 cartilaginem
1294 4293 1362 4352 calli
1391 4311 1449 4370 ope
1473 4293 1663 4374 microseopii
1697 4297 1791 4376 inqui-

188 4421 267 4490 sivit;
296 4437 420 4498 coinquo
450 4418 626 4479 siurillimam
658 4439 724 4479 esse
755 4417 865 4478 inuenit
895 4417 1060 4495 cartilagini
1096 4417 1172 4478 ossis
1201 4416 1349 4495 primani,
1373 4425 1462 4496 atquc
1493 4437 1568 4477 cara
1590 4419 1678 4480 etiam
1703 4441 1790 4480 intereo

188 4544 309 4622 repleta,
333 4541 433 4621 qualia
455 4543 485 4600 in
510 4543 701 4620 cpiphysihns
726 4541 924 4619 cartilagineis
948 4547 1110 4600 occurrunt
1134 4539 1181 4620 (r.
1205 4557 1297 4618 supra
1320 4560 1350 4618 p.
1379 4537 1504 4618 16.),in
1531 4561 1566 4601 ca
1590 4563 1607 4601 a
1631 4565 1663 4604 se
1688 4544 1791 4602 ‹siner-

186 4677 255 4727 vata
278 4664 375 4738 anan,
399 4681 475 4744 quae
506 4671 602 4723 tatneu
634 4683 721 4724 aitte
751 4675 867 4744 reperta
890 4681 952 4724 noa
976 4671 1053 4724 siun.
1102 4662 1199 4736 idem,
1223 4663 1415 4739 senteutiam,
1440 4683 1528 4746 quam
1552 4665 1790 4726 «informatione

188 4791 265 4852 ossis
287 4788 428 4868 primaria
449 4787 622 4866 proposuit.
646 4797 675 4846 ct
698 4805 774 4868 quac
797 4805 889 4868 surpra
912 4809 941 4868 p.
963 4786 1008 4848 ‘th
1030 4789 1158 4848 refutata
1182 4795 1239 4860 est,
1262 4787 1310 4848 hic
1333 4805 1453 4870 quoquo
1476 4789 1601 4860 foretm,
1625 4789 1653 4846 in
1679 4791 1787 4849 fortna-

188 4917 267 4977 tioae
296 4911 364 4974 calli
396 4911 522 4989 prirmnn
555 4911 625 4988 ejus
661 4909 858 4977 rudimentum
890 4929 951 4974 uon
982 4933 1000 4973 e
1029 4911 1202 4990 cartilagine.
1227 4914 1424 4990 praeformata
1447 4912 1532 4986 oriri,
1557 4914 1607 4972 sod
1633 4917 1730 4974 stnt'm
1753 4917 1789 4973 ah
