4784 5894
1381 526 1459 604 lot

617 758 697 818 mus,
714 736 844 823 qmdam
867 737 983 804 oesiam
1003 735 1111 814 morbi,
1131 733 1242 820 qnibne
1262 735 1338 800 lrrac
1359 735 1563 814 emolliuntur,
1584 733 1733 817 laxantur,
1753 735 1906 820 variisque
1925 733 2025 802 modia
2036 733 2243 818 degenerem,

617 871 648 928 et
669 882 747 946 quus
770 863 919 945 Scarpa
939 880 997 944 pro
1019 859 1094 924 sol'n
1116 859 1245 924 exitibus
1268 859 1472 924 exostosis
1494 878 1622 940 verre,
1642 879 1735 945 quarn
1756 859 1836 940 diett,
1857 859 2012 924 habendos
2032 865 2164 934 censete
2188 859 2243 942 qni

617 1005 799 1070 quamquam
821 984 1062 1050 inflammationis
1091 953 1309 1066 phaenomenis
1326 983 1447 1066 stipati,
1477 1003 1570 1066 quum
1598 983 1785 1066 singularem
1810 983 1972 1048 exhibeant
1999 981 2159 1060 indolem,
2192 981 2242 1046 hic

619 1110 722 1172 locum
744 1129 807 1172 nou
830 1109 948 1172 nabent.
994 1107 1049 1172 His
1073 1107 1201 1184 omissis,
1224 1107 1255 1170 in
1278 1106 1469 1170 exomosibns
1490 1107 1637 1188 benignis,
1658 1127 1736 1191 quae
1759 1107 1791 1172 iu
1812 1106 1882 1172 sola
1901 1107 2139 1172 intumescentia
2158 1104 2241 1170 ossis

618 1233 738 1314 positae
758 1238 829 1296 sunt
850 1238 902 1294 aut
926 1231 1044 1312 positae
1067 1249 1134 1294 esse
1156 1231 1304 1307 videntur,
1324 1231 1435 1294 haecce
1456 1229 1646 1312 respicienda
1666 1238 1750 1294 snut:

778 1355 814 1437 l)
837 1354 1018 1430 Laxatis,
1039 1373 1117 1437 qnae
1139 1353 1171 1418 iu
1193 1352 1313 1416 dnobus
1335 1353 1454 1418 casibus
1483 1353 1729 1418 eSandiiort
1758 1359 1789 1418 et
1809 1353 1994 1436 llowslrip
2025 1353 2128 1416 allatis
2161 1371 2239 1416 exo·

618 1478 715 1544 stosin
737 1478 881 1560 tingebat,
907 1497 1000 1560 quum
1022 1477 1206 1558 Huwship
1227 1477 1261 1539 in
1279 1483 1371 1540 aucte
1388 1477 1561 1542 secretione
1582 1477 1733 1540 medullae
1755 1477 1903 1560 ponebat,
1931 1485 1961 1540 et
1982 1476 2021 1540 de
2043 1496 2104 1560 qua
2129 1495 2240 1558 snpra,

618 1621 711 1684 quum
732 1601 896 1682 generatim
924 1601 963 1662 de
994 1599 1109 1662 morbis
1137 1599 1253 1662 ossium
1280 1600 1489 1681 exposuimus,
1517 1607 1550 1664 ut
1578 1600 1794 1684 hypertrophia
1821 1599 1971 1664 medullae
2001 1600 2146 1664 diximus.
2202 1601 2238 1662 ln

618 1726 715 1807 prima
737 1726 828 1804 hujus
846 1723 992 1804 opusculi
1015 1723 1149 1787 sectione
1169 1729 1352 1786 structuram
1381 1723 1564 1788 substantiae
1592 1731 1768 1807 compactae
1796 1729 1904 1788 nature
1932 1743 1989 1786 sue
2011 1723 2142 1788 eandem
2167 1741 2238 1786 esse

619 1855 708 1931 atque
738 1847 921 1910 substantiae
950 1847 1133 1927 spongiosae
1162 1845 1449 1922 demonstravimusr
1484 1867 1541 1910 uec
1569 1847 1668 1911 miuus
1704 1847 1810 1911 eedem
1837 1847 1954 1910 ratione
1976 1846 2105 1924 exoriri,
2139 1854 2236 1928 atque

619 1972 734 2034 seriore
757 1971 877 2034 demum
899 1977 1045 2050 tempore,
1066 1969 1152 2033 vario
1175 1968 1358 2032 evolationis
1379 1969 1481 2048 modo,
1514 1991 1589 2034 cave
1610 1971 1789 2034 medullaris
1809 1972 1840 2034 in
1863 1971 1976 2034 cortice
2004 1971 2044 2032 ad
2072 1969 2234 2034 canalicu-

618 2094 667 2156 los
691 2093 835 2156 arctiores
858 2092 1009 2174 telamque
1032 2092 1204 2156 densiorem
1226 2092 1389 2170 coarctari,
1418 2094 1450 2156 iu
1479 2094 1621 2158 interiore
1643 2113 1717 2158 vero
1741 2113 1811 2158 osse
1837 2095 1958 2158 inversa
1985 2095 2103 2158 ratione
2134 2093 2233 2156 cellas

619 2190 800 2280 medullinus
824 2215 1010 2297 amplificari.
1056 2215 1159 2297 ltaque
1181 2215 1310 2292 laxatio,
1340 2215 1378 2276 dc
1406 2234 1466 2297 qna
1487 2217 1536 2278 hic
1559 2218 1673 2298 egitur,
1703 2218 1735 2280 in
1763 2237 1801 2280 eo
1830 2225 1981 2295 versetur,
2009 2217 2093 2300 quod
2121 2217 2233 2280 eadem

618 2339 801 2402 evolationis
828 2340 920 2416 ratio,
958 2357 1035 2421 quae
1065 2337 1199 2421 alioquin
1227 2337 1411 2400 substantiae
1438 2340 1621 2420 spongiosos
1648 2340 1782 2404 internae
1810 2342 1935 2423 propria
1962 2347 2022 2417 est,
2050 2342 2081 2403 in
2112 2342 2231 2404 cortice

618 2483 739 2545 quoqne
761 2463 875 2536 existit;
904 2460 985 2523 unde
1014 2461 1063 2524 hic
1091 2479 1211 2543 quoqne
1233 2461 1265 2524 in
1287 2460 1482 2525 substantiam
1505 2462 1683 2526 cellulosam
1706 2470 1920 2540 commutatur,
1949 2465 1980 2526 id
2003 2464 2086 2547 quod
2110 2465 2229 2527 aliena-

617 2597 678 2650 tam
701 2585 822 2668 quidem
843 2585 1036 2648 nutritionem
1047 2603 1114 2648 esse
1137 2583 1322 2664 comprobat,
1344 2585 1431 2649 nullo
1454 2586 1556 2664 modo,
1577 2587 1840 2652 inflammationem
1851 2597 1881 2650 et
1898 2587 2115 2652 emollitionem
2133 2607 2225 2671 prae-

617 2729 751 2790 gressam
777 2728 843 2772 esse
865 2727 922 2772 nus
946 2707 1127 2772 concludere
1150 2707 1231 2771 sirtit.
1275 2709 1362 2772 Petet
1383 2709 1490 2790 igitur,
1520 2711 1596 2772 hanc
1619 2716 1798 2774 exostoseos
1827 2711 1959 2793 speciem
1982 2731 2007 2775 s.
2031 2719 2084 2775 etr.
2107 2713 2141 2774 in
2165 2713 2224 2775 hoc

617 2833 689 2896 loco
711 2853 775 2897 uon
793 2832 1002 2896 collocandam
1025 2849 1100 2894 esse.

776 2955 816 3042 2)
840 2957 1145 3038 llypertroplria
1167 2957 1278 3020 ossis.
1324 2955 1396 3020 Non
1420 2956 1480 3021 alio
1503 2959 1625 3021 nomine
1647 2958 1810 3022 voluminis
1833 2959 2061 3037 incrementum,
2084 2960 2172 3042 quod
2193 2960 2224 3020 in

620 3080 755 3142 exustosi
777 3080 947 3159 syplrilitica
968 3097 1062 3158 supra
1084 3078 1234 3159 descripta
1255 3080 1366 3142 tacmm
1389 3087 1449 3156 est,
1471 3080 1590 3143 videtur
1611 3081 1737 3144 indicari
1759 3103 1866 3164 posse,
1896 3083 1979 3165 quod
2000 3091 2102 3146 utrum
2125 3104 2144 3146 e
2167 3103 2222 3146 nu-

618 3202 739 3264 tritione
761 3201 926 3264 irritatione
947 3201 1076 3283 quedem
1097 3202 1382 3266 subindemmatoria
1404 3209 1492 3266 ancta
1514 3203 1644 3292 oriatur,
1674 3225 1713 3268 au
1742 3227 1812 3268 cum
1840 3213 1957 3270 tumore
1986 3207 2220 3272 inflammatorio

617 3325 748 3406 pertinm
769 3323 906 3388 mollium
928 3325 1047 3406 penitus
1069 3326 1272 3407 comparanda
1293 3326 1340 3404 sit,
1362 3345 1400 3389 eo
1424 3333 1524 3390 tamen
1546 3328 1725 3408 discrimine,
1746 3337 1780 3392 ut
1802 3331 1926 3392 materia
1946 3331 1978 3392 iu
1999 3331 2165 3394 interstitia
2176 3337 2220 3393 te-

616 3447 666 3510 lae
688 3447 833 3512 exsudata
855 3448 887 3510 in
908 3447 1103 3510 succensam
1125 3468 1196 3510 vere
1220 3469 1339 3512 osseam
1362 3449 1457 3528 abeat,
1480 3451 1511 3512 iu
1535 3451 1627 3514 dubio
1649 3454 1878 3536 relinquendum
1902 3459 1958 3518 est.

776 3569 813 3649 3)
837 3571 1030 3634 Materiae
1052 3571 1089 3632 in
1110 3573 1330 3652 superficie
1361 3573 1580 3638 exsudetae
1607 3595 1690 3638 curn
1716 3579 1841 3660 ipsius
1861 3577 1971 3641 'ossis
2000 3578 2220 3642 substantia

616 3694 780 3760 coalitio
806 3694 900 3758 adeo
923 3696 1166 3776 perfecta.,u,t
1186 3694 1312 3758 altere
1329 3697 1374 3758 eb
1397 3696 1517 3761 altera
1539 3718 1611 3763 nou
1635 3701 1800 3784 amplius
1816 3701 2003 3782 distingui
2025 3710 2149 3784 quest.
2173 3703 2218 3766 Ex

614 3821 686 3897 lmc,
713 3827 748 3882 nt
768 3819 901 3896 videtur,
931 3819 1062 3900 plurima
1083 3839 1155 3901 pars
1177 3821 1379 3900 exostosinm‚
1409 3842 1486 3905 quse
1509 3823 1577 3886 sola
1603 3825 1788 3906 expansione
1811 3825 1888 3888 ossis
1915 3831 2053 3888 exortee‘
2067 3826 2217 3900 videntur,

615 3948 715 4003 ortam
736 3942 838 4012 trehit;
862 3949 958 4020 etque,
981 3962 1073 4022 quum
1095 3943 1172 4006 aliae
1195 3945 1314 4021 multae,
1337 3951 1399 4006 tum
1422 3946 1550 4008 maxime
1574 3948 1723 4012 exostosis
1745 3947 1919 4026 claviculae,
1941 3967 2031 4032 quant
2054 3949 2213 4034 descripsit

617 4060 794 4124 Kulmius
817 4060 878 4141 (l),
901 4067 930 4122 et
953 4061 1101 4142 Scurpa
1124 4063 1181 4148 (2)
1204 4072 1238 4126 ut
1261 4067 1431 4147 exemplum
1460 4070 1652 4149 expansionis
1676 4071 1787 4150 attulit,
1816 4074 1874 4135 lrnc
1904 4073 2061 4136 referende
2089 4081 2149 4150 est;
2178 4075 2214 4136 de

616 4204 675 4267 qua
696 4184 770 4245 haec
793 4183 969 4245 afferuntur:
997 4185 1159 4246 »Tumoris
1182 4193 1280 4248 autem
1302 4189 1421 4270 penitus
1443 4189 1612 4254 examinata
1634 4194 1799 4257 substantia
1821 4203 1885 4258 erut
1916 4197 2046 4258 maxima
2068 4217 2106 4260 ex
2127 4205 2213 4280 perte

616 4325 712 4382 ossea,
734 4307 909 4388 praesertim
931 4309 1070 4389 superius
1093 4308 1173 4370 eirca
1195 4307 1289 4388 basin,
1313 4331 1373 4394 quo
1396 4312 1467 4375 loco
1491 4333 1526 4378 os
1549 4315 1680 4380 solidum
1701 4325 1732 4380 et
1754 4318 1944 4384 durissimum
1966 4341 2035 4384 cnm
2065 4317 2212 4384 clavicula

614 4448 727 4492 nexum
749 4431 950 4504 constituerat,-
973 4432 1012 4493 ed
1033 4432 1128 4494 latera
1150 4453 1224 4496 vero
1249 4435 1331 4495 etin
1354 4436 1510 4518 superiore
1533 4439 1610 4502 ossis
1634 4440 1754 4520 ambitu,
1777 4444 2049 4522 osseasubstantia,
2070 4445 2211 4525 porosior

614 4553 683 4615 hinc
705 4553 783 4628 inde,
806 4551 1032 4632 cartilaginosas
1049 4555 1236 4636 suscipiebat
1256 4566 1357 4639 partes
1380 4559 1605 4641 interspersas«

773 4676 909 4750 Veteres,
931 4682 964 4737 nt
985 4675 1130 4740 llnvers
1154 4685 1242 4761 atque
1264 4681 1354 4745 etiam
1375 4682 1527 4762 Heller,
1548 4703 1661 4748 novem
1677 4689 1873 4752 substrutiem
1884 4709 2003 4756 osseam
2018 4693 2207 4756 concretione

773 4845 815 4917 (l)
836 4851 967 4902 Kulmti
986 4855 1048 4906 elisa.
1067 4853 1100 4902 de
1118 4864 1201 4912 excat.
1219 4857 1375 4922 claviculae,
1394 4857 1505 4923 ejusque
1523 4862 1595 4912 ieliei
1614 4867 1739 4936 raptione.
1766 4869 1831 4921 llee.
1851 4870 1880 4918 ln
1898 4869 2038 4922 llellrrl
2055 4872 2121 4934 dlep.
2140 4871 2204 4922 ehlr.

774 4933 818 5006 (2)
838 4937 975 5004 Scarpa,
994 4943 1013 4999 1.
1032 4958 1055 4992 e.
1074 4957 1099 5004 p.
1119 4941 1161 4992 69.
