4768 5894
623 752 758 834 perfecta
778 753 941 823 oairmam
964 760 1019 840 eal¹
1040 771 1129 820 ossea
1149 755 1349 834 inveniuntur,
1370 761 1478 820 amota
1499 755 1588 818 εἰιιιιιΙ
1609 755 1743 820 instato
1763 756 1853 820 edam
1873 755 2043 838 gelatiuoso
2055 755 2233 830 adfuerim

625 877 816 950 continuatur
837 879 1004 958 momen,
1029 899 1123 964 quum
1144 897 1182 944 ea
1202 900 1274 962 pars
1295 880 1423 963 liquoris
1445 880 1597 958 mardoo,
1624 899 1702 964 quaa
1724 881 1787 946 esai
1807 881 1947 964 proxima
1968 887 2023 958 ece,
2055 901 2078 944 ιι
2099 881 2231 944 cortils·

624 1001 777 1083 tilegiuem
806 1012 837 1072 et
862 1025 898 1068 os
922 1007 989 1086 Jam
1015 1005 1103 1080 abiit;
1133 1004 1205 1088 quin
1235 1005 1349 1068 seriore
1377 1011 1528 1088 tempore,
1551 1004 1629 1068 dum
1657 1005 1818 1068 etiamnum
1839 1025 1921 1070 nova
1941 1005 2108 1070 substantia
2129 1025 2229 1070 ossea

626 1128 788 1204 morosae,
805 1128 890 1206 nulla
908 1131 973 1218 jam
995 1129 1142 1206 materies,
1162 1149 1240 1212 quae
1261 1129 1360 1192 adbuc
1380 1129 1547 1212 gdatincsn
1568 1127 1697 1194 necdum
1719 1129 1891 1211 organisata
1912 1129 1965 1208 sit,
1986 1128 2044 1192 snb
2066 1129 2225 1210 potorem

625 1251 788 1320 internosci
813 1257 928 1334 puteat,
950 1254 1019 1317 sed
1044 1261 1134 1336 tenue
1162 1260 1276 1317 tannim
1303 1261 1429 1318 suatum
1458 1253 1685 1344 cartilagineum
1712 1273 1811 1316 novae
1832 1253 2016 1317 substantiae
2047 1273 2151 1316 osseae
2170 1254 2227 1318 'ur-

626 1374 715 1440 situm
743 1375 983 1458 deprehenditur.
1034 1377 1168 1442 Dubium
1195 1397 1261 1442 esse
1283 1378 1400 1460 nequit.
1432 1377 1504 1460 quio
1526 1397 1584 1459 pro
1605 1378 1709 1440 laxato
1731 1385 1763 1442 et
1784 1397 1919 1460 expanso
1941 1377 2056 1442 cortice
2077 1378 2228 1460 Scorpo

625 1498 769 1576 babuerit,
791 1501 875 1584 quod
896 1497 944 1566 nil
964 1501 1048 1564 aliud
1068 1521 1159 1585 quam
1178 1485 1344 1582 substantio
1366 1521 1455 1564 ossea
1477 1521 1582 1565 reeens
1604 1507 1672 1564 ortu
1693 1507 1781 1566 essm.

786 1627 872 1706 Quae
894 1631 1051 1707 praeterea
1072 1645 1093 1688 a
1113 1625 1262 1706 Scarpa
1283 1613 1374 1687 allata
1392 1631 1465 1704 sunt
1487 1625 1526 1688 ad
1548 1624 1803 1708 comprobandum
1824 1624 1939 1690 ossium
1961 1625 2134 1688 mmmmm
2153 1645 2222 1689 sese

627 1747 831 1828 expandendi,
861 1755 895 1810 nt
925 1748 1089 1826 emollitio,
1116 1769 1194 1833 quae
1223 1749 1254 1816 ἰιι
1281 1749 1444 1812 rbadritide
1472 1756 1505 1812 et
1529 1749 1565 1828 in,
1583 1749 1796 1842 osteomalacis
1817 1767 1889 1814 ossa
1910 1750 2049 1831 corripit,
2070 1749 2221 1832 exeqala-
2351 1805 2352 1826 1

627 1891 690 1952 que
718 1872 835 1938 ossium
861 1892 933 1938 vere
962 1872 1180 1950 relaxarem,
1209 1873 1283 1935 haee
1312 1872 1415 1954 omnia
1441 1875 1500 1936 buc
1527 1893 1590 1936 nou
1611 1873 1774 1955 pertinent,
1803 1893 1897 1957 quum
1917 1893 1958 1936 ex
1978 1872 2094 1938 morbis
2114 1875 2224 1955 purim

627 1993 799 2074 lautissimis
828 1996 939 2077 partim
964 1997 1113 2077 specificis
1143 1997 1387 2077 pretiosorum,
1417 1997 1507 2075 nobis
1526 2003 1626 2060 autem
1654 1999 1713 2060 boc
1739 1997 1813 2066 loeo
1842 2018 1913 2060 oum
1940 2017 2023 2060 mera
2052 2004 2166 2062 taum
2188 2005 2219 2062 et

631 2128 719 2182 acuta
741 2119 862 2204 ossium
880 2120 1113 2184 inflammatione
1126 2120 1174 2183 sit.
1220 2122 1360 2184 Ceterum
1383 2121 1553 2204 Meding,
1575 2142 1668 2204 quum
1697 2121 1773 2186 illud
1795 2119 1967 2204 Scarpae
1988 2123 2224 2204 ereperimentum

628 2241 756 2318 aaron
785 2262 848 2306 uon
875 2243 981 2319 eedem
1002 2244 1183 2319 observavit.
1227 2247 1296 2326 lpse
1318 2246 1350 2308 iu
1372 2246 1431 2310 lale
1453 2252 1524 2310 ceto
1548 2253 1664 2308 imnum
1687 2246 1818 2323 dierum,
1840 2265 1930 2312 crure
1949 2265 2043 2327 supra
2065 2247 2223 2310 articulum
2351 2243 2352 2248 ’

629 2365 715 2448 pedis
746 2373 913 2448 amputato,
941 2367 1123 2431 destruenda
1143 2368 1277 2430 medulla
1298 2375 1328 2431 et
1355 2369 1490 2432 canalem
1512 2370 1582 2432 laus
1604 2369 1750 2450 replendo
1770 2369 1913 2432 neeccsin
1933 2368 2081 2434 internam
2104 2371 2223 2446 induxi3

630 2489 744 2556 seilicet
768 2489 803 2556 in
830 2490 1008 2554 animalibus
1038 2491 1136 2584 adbuc
1159 2493 1282 2570 nuens,
1309 2493 1340 2555 in
1363 2492 1470 2575 quibus
1493 2512 1564 2556 ossa
1584 2493 1749 2556 secundum
1770 2479 1910 2556 uamrrm
1930 2493 2028 2558 adbuc
2049 2493 2159 2558 mollia
2177 2514 2224 2558 es-

630 2623 710 2690 seut,
741 2615 843 2682 forsan
865 2615 921 2692 ila,
952 2623 989 2678 ut
1013 2615 1112 2680 vobrit
1138 2616 1301 2697 Scorpo,
1330 2635 1395 2678 rem
1424 2635 1491 2680 sese
1518 2617 1629 2679 babere
1657 2617 1964 2698 initio-conjeceram.
2008 2617 2134 2682 Animal
2158 2627 2222 2701 pon
2351 2629 2352 2632 ’

631 2741 762 2824 quinque
788 2739 853 2804 dies
880 2746 1031 2826 merbrum
1059 2745 1114 2803 est.
1166 2743 1210 2803 Os
1237 2740 1426 2804 vulneramur
1454 2740 1548 2803 tribus
1578 2742 1640 2804 lore
1663 2741 1798 2823 partibus
1820 2741 1951 2806 ernesius
1970 2744 2114 2824 apparuit
2137 2763 2222 2827 quau

629 2863 701 2926 tibia
722 2883 805 2955 saue,
827 2869 954 2946 excepto
965 2869 1064 2926 tamen
1075 2865 1135 2926 tine
1147 2871 1308 2945 amputato,
1331 2865 1432 2947 quiex
1448 2864 1582 2946 partibus
1594 2865 1734 2929 mollibus
1755 2865 1944 2948 prominebat
1964 2887 2022 2944 uco
2044 2867 2111 2930 ullo
2133 2869 2218 2935 node

631 2995 760 3051 nrrrmbrs
788 2995 860 3051 erat.
911 2987 1092 3068 Superlicics
1121 2988 1199 3052 ossis
1221 2988 1322 3050 mollis
1345 2996 1409 3051 erut
1430 2989 1614 3071 specilloque
1636 2990 1784 3070 impresso
1813 2989 1938 3052 cedebat
1965 2997 1994 3054 et
2021 2991 2114 3054 facile
2138 3010 2212 3054 seca·

631 3112 733 3179 batur:
762 3119 893 3176 attamen
920 3131 956 3174 os
978 3111 1143 3175 sauciatum
1164 3130 1228 3173 nou
1249 3111 1366 3174 facilius
1389 3131 1477 3194 quam
1500 3131 1606 3174 sanum
1629 3113 1738 3188 intleoti
1759 3119 1886 3194 poterat.
1931 3113 2108 3178 Secundum
2125 3114 2210 3194 lougi-

632 3234 770 3299 tudinem·
793 3235 946 3300 dimidiato
975 3255 1063 3312 osse,
1089 3233 1218 3316 simplici
1241 3237 1305 3314 jam
1333 3234 1413 3298 lente
1436 3235 1541 3298 bebo
1562 3244 1692 3299 socamm
1725 3237 1886 3318 inspiciens
1907 3238 2064 3320 manifesto
2086 3237 2217 3322 cognom

633 3358 798 3422 substantia
827 3379 915 3422 ossea
942 3359 974 3422 in
1004 3365 1127 3422 externa
1154 3359 1314 3440 superficie
1341 3377 1478 3422 recens
1508 3369 1575 3424 orta
1601 3381 1639 3424 os
1666 3360 1796 3424 crassius
1824 3362 1935 3424 factum
1963 3381 2046 3437 essm
2080 3363 2137 3426 sed
2164 3381 2220 3446 quo

634 3481 718 3544 uulla
740 3482 778 3546 dc
799 3483 856 3544 bac
877 3501 911 3544 re
933 3482 1077 3546 dubitatio
1100 3483 1332 3565 relinqueretur,
1361 3483 1593 3564 mieroscopium
1616 3483 1647 3544 in
1669 3484 1814 3546 auxilium
1835 3486 1952 3550 vocavi.
1995 3487 2153 3552 Teuuibue
2174 3487 2223 3569 igi·

634 3615 683 3668 tur
701 3605 825 3674 ,foliolis
846 3626 866 3669 a
887 3607 963 3670 facie
986 3614 1086 3670 secata
1108 3575 1266 3689 separatis,
1295 3607 1327 3668 in
1349 3627 1408 3689 qua
1430 3608 1488 3669 boe
1509 3606 1599 3682 simul
1621 3609 1771 3688 spectavi,
1799 3621 1834 3670 ut
1855 3629 1893 3671 ex
1915 3610 1974 3672 tine
1996 3609 2154 3678 immutato
2178 3632 2224 3678 oe·

633 3730 675 3793 sis
697 3730 810 3814 aliquid
831 3751 891 3795 una
910 3733 1097 3810 exciderem,
1126 3733 1182 3794 sub
1204 3731 1407 3812 microseopio
1435 3739 1523 3794 vetars
1547 3751 1586 3794 cs
1613 3732 1682 3794 iude
1711 3731 1748 3793 ab
1770 3733 1829 3796 boc
1849 3734 1910 3796 tine
1931 3754 2036 3798 uersus
2058 3743 2227 3802 tumescen-

634 3855 703 3919 tium
725 3865 900 3936 persecutus
921 3877 1003 3934 sum,
1031 3864 1061 3920 et
1083 3864 1165 3920 certo
1189 3857 1298 3918 certius
1320 3856 1464 3936 cognovi,
1492 3856 1549 3918 bac
1569 3877 1690 3940 quoqne
1719 3864 1804 3938 parta
1831 3877 1867 3920 cs
1894 3867 1981 3924 vetus
2008 3879 2136 3939 prorsus
2165 3881 2226 3926 neu

636 3984 778 4040 niueatum
805 3999 885 4052 esse;
913 3979 1071 4042 eannliemi
1098 3979 1278 4042 medullares
1300 3980 1532 4059 longitndiuales
1544 3999 1639 4063 neque
1651 3981 1823 4062 amplificati
1837 3990 1946 4059 crant,
1958 3985 2227 4065 nequeanaturali

636 4101 799 4166 directione
820 4110 1018 4182 recesseram
1040 4109 1126 4165 velus
1149 4121 1184 4163 cs
1207 4122 1227 4162 a
1247 4103 1414 4165 substantia
1434 4121 1523 4166 ossea
1545 4105 1602 4184 ipsi
1622 4105 1863 4186 superimposita,
1885 4106 2033 4184 omnibus,
2053 4107 2227 4189 quibusco-

638 4223 677 4284 lot
699 4225 759 4288 tela
780 4247 869 4320 ossea
890 4247 995 4292 recens
1017 4227 1124 4304 efficta,
1146 4225 1365 4290 elmraetcribuo
1387 4227 1542 4308 insignata,
1565 4229 1720 4292 manifesto
1742 4229 1836 4290 liruite
1858 4228 2027 4294 dieucum
2049 4233 2227 4313 appnrabatp

639 4345 689 4426 qui
717 4345 803 4414 limes
832 4371 869 4412 ex
895 4355 1028 4433 margine
1055 4351 1123 4414 finis
1154 4349 1297 4432 anrputati
1319 4359 1464 4432 perpetuo
1488 4359 1576 4434 atquc
1599 4373 1660 4415 nou
1683 4358 1795 4413 mutato
1819 4351 1948 4418 decursu
1970 4356 2154 4436 assurgebat

797 4471 857 4534 Sed
883 4473 1099 4553 demonstrato,
1128 4476 1166 4538 iu
1194 4475 1357 4538 necrosi
1381 4475 1534 4538 interna
1555 4495 1694 4537 revera
1715 4495 1849 4562 noveru
1870 4478 2143 4560 substantiam
2165 4501 2227 4546 os-

640 4614 740 4670 seam
769 4595 809 4661 iu
838 4602 998 4658 externa
1020 4599 1242 4680 superficie
1265 4598 1381 4678 oriri,
1409 4619 1567 4680 eamque
1590 4598 1713 4680 primo
1735 4599 2007 4681 gelatinosam
2028 4605 2227 4690 materiem
2351 4643 2352 4650 ι

641 4720 798 4798 reterre,
816 4723 880 4802 jam
903 4719 1126 4802 dijudicandum
1145 4730 1203 4800 est,
1224 4723 1303 4786 unde
1325 4725 1399 4786 baec
1421 4723 1566 4802 originem
1589 4721 1688 4785 ducat

798 4847 896 4928 Supra
924 4843 1070 4923 vidimus,
1098 4865 1117 4916 a
1138 4845 1289 4928 plerisque
1311 4845 1507 4928 scriptoribus
1529 4847 1600 4910 noui
1623 4847 1700 4912 ossis
1723 4848 1931 4914 formationem
1953 4850 2106 4932 periosleo
2128 4851 2227 4932 tribui,

641 4971 752 5056 jusque
774 4970 928 5052 opinionis
950 4970 1097 5052 originem
1118 4969 1149 5032 in
1172 4987 1209 5032 eo
1232 4970 1432 5053 quaerendam
1455 4989 1538 5049 ease,
1551 4973 1668 5055 partim
1689 4973 1774 5056 quod
1793 4970 1839 5036 illi
1860 4973 1951 5040 vitam
1975 4975 2092 5043 ossium
2115 4995 2226 5059 parum
