4784 5894
1403 537 1479 611 12⁰

634 751 757 831 sanguis
780 747 944 813 exsudetur
965 748 1093 831 indeque
1116 746 1204 810 color
1226 745 1377 809 medullae
1399 747 1515 812 luscior
1537 755 1675 830 appar-cm
1698 747 1769 814 iude
1791 769 1810 811 a
1832 749 1880 814 die
1903 759 2010 834 quarm
2024 753 2142 816 laelius
2161 752 2255 816 rnlara

632 881 665 937 et
685 875 809 949 firmior,
832 873 902 936 dein
925 871 1027 934 albida
1047 873 1146 934 erudit
1159 871 1301 948 medulla,
1323 877 1413 954 atqua
1436 871 1608 935 materies
1599 891 1631 936 ru
1653 891 1691 934 ea
1712 873 1849 936 moritui
1870 875 1908 937 ab
1931 876 2015 938 initio
2038 877 2159 953 mollia,
2184 877 2253 939 dein

635 997 830 1080 cartilaginea
841 1017 877 1060 ac
887 1003 1041 1079 postremo
1055 1014 1152 1074 ossea,
1176 1015 1244 1061 oum
1256 996 1326 1077 ipso
1339 1013 1409 1060 osse
1421 995 1597 1060 cohaerens.
1619 997 1727 1060 Facies
1740 999 1909 1062 iractruae
1900 999 1985 1062 mitio
2007 1001 2163 1082 sanguine
2182 1021 2253 1064 σοι·

635 1121 737 1204 gulato
762 1129 923 1204 coopertae
946 1129 1030 1194 sunt;
1054 1121 1083 1182 in
1108 1121 1212 1183 iisdem
1236 1139 1308 1182 mox
1331 1119 1517 1203 aliquantum
1540 1121 1682 1184 materiae
1705 1122 1843 1186 viscosae
1867 1131 2006 1204 apparet,
2029 1143 2110 1208 qaue
2134 1127 2251 1188 saum

633 1253 760 1327 mgemr
781 1245 884 1327 copia,
915 1245 1031 1307 tirmior
1054 1245 1167 1322 evadit,
1197 1213 1335 1307 eloanali
1356 1244 1516 1308 medullari
1545 1251 1646 1307 ortum
1674 1245 1791 1308 trabem
1821 1245 1952 1323 videtur,
1973 1248 2141 1333 -laciesquo
2174 1248 2251 1319 illas,

632 1369 704 1432 inde
726 1391 745 1432 a
766 1369 885 1432 decimo
909 1369 956 1432 die
979 1367 1085 1451 aliquo
1108 1368 1201 1432 modo
1223 1368 1387 1449 laevigatus
1411 1377 1442 1430 et
1463 1369 1639 1432 rotundatas
1662 1367 1783 1451 obtegit,
1807 1368 1994 1454 audentque
2017 1391 2086 1436 oum
2105 1372 2249 1454 partibus

632 1494 774 1558 mollibus
796 1493 990 1556 conterminis
1013 1492 1157 1556 coalescit
1179 1467 1412 1566 (substance
1436 1486 1753 1572 intermediaire).

791 1617 982 1681 Perlodus
1000 1617 1037 1680 ll.
1061 1617 1198 1680 Status
1220 1615 1393 1678 librosus
1414 1614 1478 1678 vel
1500 1616 1975 1700 limoso-cartilaginosa
2015 1619 2110 1684 lude
2141 1641 2164 1684 a
2187 1621 2248 1684 dia

631 1743 717 1806 XVI.
742 1761 866 1824 usque
889 1741 933 1802 ad
956 1740 1054 1802 diem
1077 1739 1184 1802 XXV.
1198 1775 1241 1788 -
1264 1739 1341 1802 'l'ela
1363 1738 1520 1818 cellulosa,
1543 1759 1621 1821 quae
1637 1739 1675 1802 ad
1698 1742 1889 1822 superficiem
1911 1751 2066 1808 externam
2086 1743 2246 1826 magnei

631 1868 695 1942 sita,
717 1885 823 1928 narsus
846 1863 999 1928 emollitur
1020 1869 1109 1946 atque
1132 1864 1162 1924 in
1186 1870 1295 1927 statum
1317 1883 1424 1926 sanum
1446 1861 1532 1942 redit,
1561 1863 1633 1926 dum
1661 1871 1762 1945 partes
1793 1865 1902 1938 molles
1929 1867 2111 1948 prorirudius
2144 1869 2245 1932 eollo-

630 1995 715 2051 catae
737 1989 851 2052 firmius
873 1989 905 2052 in
928 1989 991 2050 dies
1014 2007 1083 2050 cum
1106 1988 1271 2050 substantia
1293 1987 1469 2050 intermedia
1491 1986 1678 2068 coalescunt,
1709 1997 1799 2071 atque
1829 2009 1898 2053 cum
1926 2010 1963 2053 ea
1995 1997 2149 2058 humorem
2173 1991 2243 2054 calli

630 2113 774 2176 distinctis
797 2113 906 2176 lirribus
929 2112 1187 2192 circumscriptum
1209 2112 1393 2193 confingunt,
1416 2131 1478 2192 quo
1500 2111 1667 2193 fragmenta
1689 2113 1769 2176 ossis
1789 2115 2155 2196 tanquaminvolvnntur.
2186 2117 2241 2180 llic
2368 2121 2369 2126 ’

628 2245 730 2300 tumor
750 2237 867 2300 duabus
889 2237 1078 2317 potissimum
1101 2236 1233 2298 materiis
1255 2236 1418 2312 conflatur,
1441 2255 1568 2316 quarum
1591 2237 1724 2299 exterior
1746 2235 1848 2300 albida
1868 2245 1927 2314 est,
1954 2239 2055 2321 specie
2084 2247 2116 2303 et
2139 2240 2241 2304 densi-

627 2366 688 2422 tate
711 2361 918 2440 cartilaginea,
947 2361 1060 2441 passim
1088 2377 1216 2440 prorsus
1244 2359 1452 2439 cartilaginea,
1485 2359 1548 2422 ossi
1574 2379 1671 2442 usque
1699 2360 1738 2422 ad
1761 2361 1911 2444 quandam
1941 2383 1960 2424 a
1988 2363 2060 2427 loeo
2082 2366 2239 2428 lractrrrae

628 2483 798 2546 distantiam
819 2483 964 2545 incumbit
984 2491 1074 2566 atquc
1097 2501 1135 2544 eo
1158 2482 1245 2561 loco,
1275 2483 1327 2564 qui
1348 2483 1524 2563 longissime
1544 2489 1679 2546 remmus
1709 2491 1756 2547 est
1777 2505 1796 2546 a
1817 2493 1903 2568 parte
1925 2487 2065 2566 infracta,
2093 2488 2236 2552 duritiem

624 2611 690 2688 jam
712 2607 885 2691 ossiumque
908 2607 1110 2671 conditionem
1133 2605 1267 2682 exhibet3
1290 2605 1407 2670 interna
1428 2625 1503 2670 varo
1526 2607 1652 2672 tumoris
1674 2609 1813 2672 mammes
1835 2610 2004 2674 rubicunda
2023 2619 2071 2676 est
2084 2613 2235 2686 ettenuis,

627 2731 760 2795 faciebus
788 2734 939 2795 fracturae
969 2738 1051 2795 arole
1079 2731 1235 2809 adhaeret,
1267 2730 1367 2794 laxius
1397 2749 1473 2794 vero
1500 2732 1671 2814 superficiei
1698 2733 1777 2798 ossis
1807 2741 1877 2798 aute
1906 2734 2074 2800 denudatae
2102 2737 2233 2802 necdum

626 2863 834 2933 commutatae,
857 2863 946 2940 atque
968 2857 1116 2919 formatur
1137 2854 1302 2924 substantia
1324 2854 1514 2931 intermedia;
1541 2863 1669 2940 unaque
1691 2857 1753 2920 tela
1773 2857 1903 2937 senum,
1932 2879 1989 2922 nec
2011 2865 2095 2924 certo
2127 2861 2234 2926 distin·

625 2981 680 3045 otis
701 2979 858 3057 limitibus,
886 2979 982 3042 altera
1003 2979 1034 3041 in
1057 2979 1181 3041 alteram
1203 2978 1317 3042 transit
1362 2967 1550 3042 Periosteum
1571 2981 1764 3043 tumefactum
1786 2982 1823 3044 iis
1844 2981 1935 3060 locis,
1965 2984 2017 3066 qui
2045 2986 2078 3048 in
2109 2957 2231 3050 cartila-

624 3106 724 3186 ginem
744 3102 794 3166 vel
816 3103 849 3166 in
871 3121 990 3166 osseam
1011 3102 1164 3164 materiem
1184 3105 1249 3182 jam
1270 3101 1415 3178 abierunt,
1438 3101 1525 3164 facile
1548 3103 1739 3184 distinguitur
1760 3111 1850 3188 utque
1873 3114 2039 3188 separatur,
2061 3108 2145 3174 circa
2168 3129 2228 3172 me-

625 3228 705 3290 diam
726 3245 801 3290 vero
823 3225 978 3306 regionem
1001 3227 1150 3288 fracturae
1171 3226 1251 3288 item
1273 3243 1400 3306 prorsus
1422 3245 1490 3288 cum
1512 3233 1630 3290 tumore
1653 3227 1723 3289 calli
1746 3237 1921 3293 concretam
1943 3243 2074 3313 apparet
2121 3235 2228 3296 'l'uhus

625 3349 800 3414 medullaris
823 3349 999 3412 obliteratus
1022 3357 1068 3412 est
1089 3350 1254 3412 substantia
1276 3367 1366 3411 ossea
1389 3358 1546 3432 compacta
1566 3351 1616 3413 vel
1638 3371 1761 3433 porosa.

782 3475 865 3537 Per.
892 3475 944 3536 lll.
965 3472 1057 3535 lnde
1085 3492 1104 3534 a
1126 3472 1187 3535 die
1208 3473 1308 3534 XXV
1330 3491 1450 3555 usqne
1479 3473 1523 3534 ad
1546 3491 1713 3538 mensem
1736 3477 1902 3542 tertium.
1947 3479 2119 3544 Οιείῆιιιιιίο
2143 3481 2228 3544 initia

623 3600 704 3681 capit
723 3599 795 3663 loco
818 3617 837 3660 a
858 3600 990 3660 tractura
1010 3597 1186 3678 longissime
1207 3603 1325 3660 remoto
1348 3597 1567 3660 insubstantia
1595 3597 1649 3660 illa
1677 3599 1804 3677 tlbrosa,
1828 3622 1905 3683 quae
1933 3603 1966 3666 in
2000 3605 2226 3686 cartilaginem

623 3731 839 3802 commutatur,
862 3723 933 3786 duna
962 3723 1070 3785 eodem
1093 3729 1230 3804 tempore
1251 3721 1416 3785 substantia
1437 3723 1531 3784 rubra
1553 3723 1729 3786 intermedia
1749 3726 1780 3786 in
1802 3726 2130 3810 libro-cartilaginem
2155 3729 2224 3792 abit.

621 3851 687 3914 Hau
708 3849 825 3912 ratione
847 3855 928 3910 totus
951 3855 1053 3910 nrmor
1073 3847 1194 3910 tandem
1224 3866 1331 3910 osseus
1353 3847 1403 3922 tit;
1426 3847 1481 3910 sed
1509 3854 1609 3910 tamen
1632 3847 1740 3930 aliquis
1768 3849 1865 3911 adhuc
1892 3858 1992 3915 monas
2022 3853 2087 3914 heri
2114 3861 2223 3936 potest,

621 3979 711 4055 atque
733 3971 759 4032 sl
782 3989 818 4032 os
841 3969 1007 4032 seeundum
1029 3969 1246 4050 longitudinem
1269 3990 1353 4032 serra
1375 3978 1563 4052 persecutor,
1585 3971 1659 4033 stria
1680 3971 1750 4033 alba
1772 3971 1883 4036 callum
1904 3975 1936 4036 in
1958 3977 2082 4057 regione
2110 3979 2222 4042 fractu·

619 4112 672 4157 rae
694 4091 846 4172 trajiciens
869 4097 1008 4173 apparet,
1041 4111 1170 4174 quacum
1192 4093 1375 4174 periosteuru
1397 4095 1589 4158 tumefactum
1612 4103 1785 4160 concretum
1808 4105 1863 4160 est.
1921 4099 2025 4163 'liebus
2047 4101 2221 4191 medullaris

620 4216 796 4282 obliteratus
819 4223 878 4292 est,
901 4223 1002 4297 partes
1024 4213 1133 4278 molles
1155 4216 1186 4278 iu
1209 4223 1319 4278 statum
1341 4236 1447 4280 sarrum
1469 4217 1631 4282 redierunt.

777 4339 857 4402 Per.
880 4340 934 4402 lv.
957 4341 1090 4402 Status
1120 4357 1270 4412 osseusa
1304 4361 1322 4402 a
1350 4360 1479 4405 meuse
1509 4311 1628 4407 tertio
1659 4344 1705 4407 ad
1734 4365 1902 4408 mensem
1930 4353 2088 4411 sextum.
2140 4349 2219 4412 Stria

617 4463 671 4528 illa
692 4463 724 4526 in
753 4461 911 4542 superficie
938 4471 1061 4526 externa
1091 4463 1143 4526 diu
1171 4465 1268 4527 adhuc
1298 4465 1495 4547 conspicitur,
1518 4467 1582 4530 sive
1611 4469 1763 4548 periostco
1793 4469 1908 4533 firmius
1938 4471 2132 4550 adhaerente,
2155 4474 2217 4538 sive

617 4589 726 4670 exiguo
750 4583 882 4669 quodam
903 4584 990 4647 sulco
1012 4585 1133 4660 rolioto;
1155 4587 1250 4666 intus,
1273 4588 1399 4652 simulac
1427 4591 1523 4653 cellae
1551 4593 1684 4671 majores
1710 4593 1892 4658 medullares
1922 4596 1954 4658 in
1985 4597 2065 4660 callo
2095 4595 2215 4661 formari

617 4717 790 4793 coeperunt,
812 4709 973 4772 evanescit

776 4833 854 4896 Per.
878 4832 918 4895 V.
941 4833 1117 4896 'l'umoris
1147 4831 1361 4898 diminutio.
1407 4835 1503 4898 'lubi
1530 4837 1765 4904 medullaris
1787 4841 2000 4906 restitutio.
2046 4843 2214 4910 Substantia

615 4979 705 5026 ossea
726 4955 831 5020 tubum
854 4955 1050 5018 medullarem
1073 4975 1226 5037 occupans
1249 4957 1397 5022 cellulosa
1419 4961 1531 5039 evadit,
1554 4963 1650 5026 cellae
1673 4963 1906 5046 amplificantur,
1928 4967 2107 5052 tandemque
2128 4987 2213 5052 pror·

2344 4437 2350 4482 l

2365 5039 2367 5168 l

2364 5249 2367 5364 l
