4856 5896
1368 561 1420 638 54

594 795 715 852 verum,
738 776 808 860 quia
830 773 989 856 gelatinam
1010 774 1069 835 hoc
1092 777 1227 852 tempore
1250 779 1388 835 secernat
1409 773 1599 857 speciemque
1621 773 1689 837 ideo
1712 775 1868 858 aequalem
1891 775 2061 857 cartilagini
2086 775 2197 855 induat,

599 901 757 964 oculorum
777 901 871 962 aciem
889 899 1032 978 effugere3
1055 901 1162 977 postea
1172 895 1322 958 resorberi
1333 895 1502 977 gelatinam,
1517 898 1722 981 tubamqucin
1743 903 1937 981 conspectum
1958 901 2062 962 venire
2084 900 2200 964 medul-

594 1027 697 1116 larem,
720 1031 757 1100 ct,
780 1023 872 1086 rubro
895 1021 1039 1101 sanguina
1063 1019 1094 1082 in
1113 1022 1315 1082 membranam
1330 1028 1513 1102 penetrante,
1534 1023 1612 1084 banc
1634 1022 1738 1104 ipsam,
1761 1029 1874 1086 munta
1895 1024 2056 1100 tunctune,
2080 1025 2199 1106 adipem

595 1149 644 1212 vel
673 1148 755 1210 aliud
783 1145 865 1228 quod
900 1144 1024 1208 fluidum
1057 1143 1129 1207 loco
1169 1142 1316 1224 gclatinae
1339 1145 1495 1207 exsudare.
1542 1149 1628 1228 Quae
1664 1146 1810 1208 sententia
1828 1148 1893 1226 jain
1916 1167 1935 1208 a
1956 1148 2123 1211 nectara
2145 1123 2199 1232 (Ἰ)

594 1273 721 1334 refutata
744 1275 804 1347 est,
833 1289 931 1351 neque
960 1269 1084 1331 omnino
1108 1268 1246 1348 congruit
1267 1287 1336 1330 cum
1357 1269 1402 1344 iis,
1425 1279 1502 1350 quae
1524 1282 1616 1350 supra
1639 1269 1676 1331 de
1698 1275 1848 1332 sanctim
1870 1271 2051 1351 cartilaginis
2074 1274 2200 1355 ejusque

595 1397 625 1458 in
650 1414 685 1458 os
709 1393 941 1456 commutatione
965 1391 1056 1453 allata
1077 1395 1155 1454 sunt.
1201 1391 1318 1454 Etenim
1340 1397 1413 1454 tum·
1426 1391 1545 1454 demum
1567 1393 1739 1455 membrana
1761 1393 1935 1456 medullaris
1955 1403 2086 1475 apparet,
2109 1415 2201 1478 quum

593 1539 666 1580 vasa
689 1517 863 1598 sanguinem
883 1515 1008 1578 rubrum
1030 1515 1155 1578 ferentia
1176 1515 1208 1576 in
1230 1535 1299 1578 osse
1323 1515 1435 1578 exoriri
1456 1516 1613 1598 incipiunt3
1636 1518 1710 1579 haec
1734 1521 1833 1580 autem
1854 1535 1928 1580 vasa
1950 1522 2019 1582 caim
2049 1518 2202 1580 canalicu-

593 1644 631 1704 lis
654 1643 796 1724 cellisque
819 1641 896 1704 telae
919 1659 1025 1703 osseae
1047 1639 1206 1721 primariae
1229 1639 1379 1715 oriuntur,
1407 1640 1542 1723 quinon
1564 1641 1605 1702 ita
1627 1640 1658 1702 in
1679 1641 1736 1702 hac
1757 1640 1818 1703 tela
1840 1642 2032 1723 praescrutati
2055 1649 2138 1718 sunt,
2167 1649 2202 1704 ut

594 1765 692 1828 ablata
715 1765 815 1846 aliqua
837 1763 968 1839 materia,
989 1763 1018 1826 h.
1042 1783 1067 1824 c.
1090 1761 1288 1844 resorptionc,
1309 1763 1341 1824 iu
1363 1760 1462 1825 lucem
1483 1764 1639 1843 prodeant,
1662 1765 1716 1827 sed
1738 1783 1777 1826 eo
1798 1765 1882 1842 fiunt,
1905 1764 1988 1848 qnod
2012 1766 2124 1828 sensim
2136 1766 2197 1828 tela

595 1889 721 1952 discedit
752 1897 843 1969 atque
873 1887 1082 1949 condensatur.
1135 1885 1273 1948 Medulla
1306 1885 1390 1948 initio
1421 1893 1546 1968 apparet
1574 1887 1712 1951 cellulosi
1739 1887 1833 1951 instar
1861 1907 2003 1950 vasorum
2025 1889 2201 1962 velamenti;

594 2021 692 2096 prout
708 2011 802 2074 cellae
825 2011 902 2072 ossis
925 2010 1035 2072 sensim
1058 2007 1277 2089 amplificantur
1298 2015 1328 2070 et
1350 2009 1438 2072 tubus
1461 1971 1635 2074 medullaris
1657 2019 1797 2092 augetur,
1829 2011 1890 2074 tela
1912 2031 2032 2095 quoquc
2056 2013 2201 2074 medulla-

593 2138 635 2198 ris
658 2136 809 2211 accrescit,
832 2135 1015 2214 fluidumque
1033 2133 1063 2193 in
1086 2152 1121 2193 ea
1145 2153 1300 2214 aquosum,
1324 2132 1545 2196 albuminosum
1557 2136 1733 2198 secernitur.
1778 2137 1931 2198 lurecens
1954 2137 2032 2198 natis
2056 2156 2200 2218 perquam

593 2259 684 2323 rnbra
713 2265 758 2321 est
788 2265 912 2338 propter
938 2275 1011 2318 vasa
1041 2255 1257 2335 copiosissima,
1280 2255 1369 2318 simul
1392 2257 1566 2319 nitidissima
1590 2265 1619 2320 ct
1643 2259 1730 2339 adipe
1753 2262 1816 2321 iere
1838 2260 1962 2321 omnino
1985 2279 2105 2334 carcns3
2133 2279 2199 2322 cre-

593 2391 694 2445 scente
718 2387 813 2443 aetate
841 2379 967 2460 spissior
996 2379 1029 2439 tit
1052 2387 1081 2439 et
1110 2377 1264 2458 pallidior,
1296 2385 1384 2460 atque
1417 2381 1582 2442 secundum
1605 2382 1777 2443 Biclard
1799 2383 1831 2443 in
1853 2384 1973 2445 lronrine
1997 2384 2100 2446 adtrito
2123 2405 2198 2448 sano

594 2507 690 2586 adipis
713 2505 845 2567 continet
868 2509 993 2565 octonas
1016 2507 1144 2582 septam3
1182 2501 1213 2562 in
1236 2502 1358 2564 senibus
1381 2503 1509 2586 denique
1532 2505 1594 2566 iere
1617 2506 1700 2567 aurei
1723 2511 1768 2568 cst
1790 2507 1911 2583 coloris,
1942 2507 2085 2570 diminuta
2109 2509 2197 2572 sinml

595 2629 757 2692 admodum
779 2646 921 2690 vasorum
945 2626 1042 2706 copia.

753 2753 836 2814 Vasa
864 2747 1008 2812 cellarum
1035 2749 1216 2812 substantiae
1245 2750 1426 2830 spongiosac
1456 2759 1485 2812 et
1515 2753 1750 2814 canaliculornm
1773 2755 1940 2816 corticosae
1963 2774 2019 2834 per
2041 2764 2196 2835 aperturas

592 2895 768 2942 numerosas
791 2874 961 2956 superficiei
985 2873 1107 2947 intrant;
1134 2873 1224 2934 tubus
1254 2893 1328 2934 vero
1357 2873 1531 2937 medullaris
1560 2876 1674 2937 ossium
1701 2876 1861 2965 longorum
1891 2897 1981 2940 unam
2013 2879 2123 2959 exeipit
2151 2899 2198 2940 ar-

592 3005 697 3066 teriam
719 3003 866 3080 majorem
890 2993 955 3080 (vol
968 2996 1068 3073 duas),
1091 3015 1168 3077 quae
1191 3016 1247 3075 per
1268 2996 1404 3058 canalem
1427 2997 1548 3079 oblique
1571 3000 1713 3060 corticem
1724 3002 1927 3080 perforantem
1949 3003 2120 3080 ingreditur,
2141 3023 2196 3064 ne·
2211 3081 2226 3108 a

593 3147 660 3209 que,
684 3122 784 3205 quoad
807 3123 837 3182 in
860 3120 918 3179 hoc
942 3118 1079 3194 decurrit,
1102 3118 1235 3179 ramulos
1259 3118 1415 3199 dispergit3
1439 3119 1469 3180 in
1491 3121 1654 3183 medullam
1676 3141 1750 3184 vero
1774 3125 1825 3184 ubi
1847 3125 1998 3203 pervenit,
2028 3127 2059 3185 in
2080 3145 2196 3188 ramum

592 3247 704 3311 secedit
727 3244 897 3306 interiorem
926 3249 955 3303 ct
978 3242 1177 3320 superiorem,
1210 3247 1298 3322 atque
1327 3238 1466 3325 utrinque
1495 3263 1601 3307 versus
1631 3247 1775 3308 articulos
1802 3253 1865 3308 tum
1895 3248 1973 3309 inter
1995 3248 2142 3310 vesiculas
2164 3261 2194 3311 et

593 3391 685 3452 super
707 3369 743 3430 iis
765 3368 797 3430 in
819 3365 951 3428 ramulos
974 3365 1164 3427 tenuissimos
1188 3364 1376 3442 diffunditur,
1406 3377 1469 3428 tum
1492 3367 1568 3430 alios
1590 3369 1724 3433 ramulos
1747 3371 1778 3431 in
1802 3371 1986 3434 canaliculos
2009 3372 2129 3434 corticis
2152 3373 2196 3434 di-

592 3493 679 3557 mittit
706 3499 736 3554 et
766 3511 834 3552 cum
861 3489 941 3551 vasis
971 3489 1099 3568 partium
1133 3489 1363 3569 spongiosamm
1399 3490 1594 3552 articulorum
1635 3512 1701 3554 sese
1728 3494 1837 3573 jungit.
1882 3495 1986 3577 ltaque
2013 3513 2085 3556 vasa
2106 3497 2198 3560 totius

592 3617 761 3700 systematis
783 3613 956 3676 medullaris
980 3611 1089 3692 singuli
1113 3613 1259 3693 cujusque
1272 3613 1349 3674 ossis
1362 3614 1602 3676 conrmunionem
1625 3616 1703 3678 inter
1724 3636 1757 3678 se
1780 3617 1902 3692 habent;
1925 3637 1985 3701 quo
2007 3618 2049 3694 tit,
2072 3627 2105 3680 ut
2127 3639 2195 3682 scn-

591 3745 647 3806 sim
669 3743 835 3820 interrupto
854 3713 1010 3818 ⁴sanguinis
1033 3735 1072 3797 ad
1093 3737 1194 3798 locum
1218 3735 1347 3817 aliquem
1377 3737 1459 3798 aditu
1486 3739 1602 3800 nullum
1626 3741 1733 3802 existat
1756 3740 1970 3817 detrimentum,
1992 3741 2082 3818 dum,
2097 3745 2194 3806 subito

591 3870 773 3945 interrupto,
801 3863 936 3923 rrecrosis
967 3860 1110 3922 exoritur.
1155 3861 1290 3921 Bichat
1320 3858 1374 3940 (2)
1402 3859 1541 3923 arteriam
1563 3863 1714 3924 numitiam
1737 3863 1826 3925 tibiae
1854 3885 1980 3945 prorsus
2009 3864 2192 3928 obliteratam

593 3997 680 4071 atque
703 3984 838 4047 canalem
861 3983 1024 4044 substantia
1046 3979 1258 4062 cartilaginosa
1280 3983 1426 4062 repletum
1448 3985 1575 4060 invenit3
1595 3987 1689 4048 nihilo
1712 3994 1810 4049 tamen
1833 3991 1930 4050 minus
1954 3979 2079 4051 arteriae
2101 3991 2192 4052 bitur-

592 4113 670 4175 catio
693 4109 838 4189 sauguine
861 4104 977 4186 repleta
999 4113 1088 4186 atque
1110 4106 1242 4166 medulla
1264 4107 1354 4187 planc
1378 4126 1451 4169 sana
1474 4117 1545 4170 erat.

751 4233 835 4294 Vasa
864 4229 1045 4310 lymphatica
1075 4229 1105 4290 in
1133 4229 1266 4290 medulla
1288 4231 1401 4306 inesse,
1431 4232 1493 4293 sare
1521 4251 1625 4295 omues
1654 4241 1799 4310 statuant,
1829 4241 1917 4317 atquc
1947 4255 2018 4298 van
2048 4239 2190 4300 bleske-

593 4377 661 4421 rcn
684 4354 737 4437 (3)
761 4373 798 4414 ea
819 4353 850 4414 in
872 4353 990 4416 ossibus
1014 4353 1095 4416 cavis
1118 4353 1253 4416 ciconiae
1276 4373 1295 4415 a
1316 4355 1554 4435 Bragmanns
1578 4375 1683 4420 revera
1706 4357 1890 4438 deprebensa
1913 4379 1979 4421 esse
2002 4369 2117 4434 narrat;
2140 4383 2191 4424 ve-

591 4502 659 4546 rum
681 4480 739 4541 hoc
762 4475 1009 4555 comprobatione
1033 4477 1129 4539 adhuc
1153 4478 1273 4558 indiget.

591 4674 911 4702 ff*

752 4809 791 4878 (1)
809 4811 974 4874 Baetasii,
992 4815 1042 4865 An.
1061 4812 1149 4873 ge'ne'r.
1167 4829 1192 4874 p.
1207 4784 1274 4864 'lla

752 4897 794 4969 (⁹2)
813 4902 949 4964 Biclrat,
967 4901 987 4953 l.
1007 4917 1030 4952 c.
1049 4901 1078 4950 Τ.
1099 4901 1134 4953 11.
1154 4916 1179 4962 p.
1200 4899 1260 4950 165.

750 4990 791 5058 (³)
811 5007 873 5040 vau
892 4989 1075 5040 lleekeren
1091 4990 1113 5046 1.
1132 5004 1155 5043 c.
1175 5005 1202 5052 p.
1220 4987 1248 5042 4.
