4784 5894
1399 553 1474 629 174

638 782 675 822 ae
710 777 836 842 prorsus
871 759 969 822 simile
1006 777 1150 838 apparere
1187 758 1376 820 membranae
1411 777 1534 822 serosae
1569 759 1777 822 inflammatae.
1827 755 1995 822 Beolard
2018 758 2076 844 (l)
2104 761 2228 822 mucosis

638 885 819 946 membranis
846 883 877 944 id
906 889 1030 944 suanam
1060 882 1250 957 adnumerat,
1281 889 1370 964 atque
1400 881 1571 945 Blandin
1595 880 1647 963 (2)
1675 883 1915 962 granulatioues,
1944 883 2086 964 quoniam
2116 883 2228 946 nonnisi

638 1029 730 1090 quum
753 1005 930 1087 suppuratio
953 1003 1030 1064 adsit
1052 1005 1290 1083 corispiciantur,
1313 1025 1369 1084 pro
1392 1003 1515 1085 organis
1537 1005 1652 1085 exiguis
1675 1005 1820 1082 fortuitis,
1850 1004 1889 1066 ad
1911 1004 2007 1068 solam
2030 1004 2116 1086 puris
2138 1025 2228 1066 secre-

638 1133 750 1193 tionem
774 1126 933 1200 destinatis,
956 1127 1108 1188 habendas
1131 1147 1197 1188 esse
1220 1128 1388 1190 arbitratur.

797 1251 870 1312 Nou
893 1259 991 1330 potest
1013 1250 1133 1330 negari,
1162 1271 1253 1331 qumn
1276 1250 1359 1330 pruris
1381 1250 1509 1312 secretio
1533 1269 1601 1312 cum
1625 1250 1792 1312 secretione
1814 1269 1865 1324 ea,
1895 1269 1972 1332 quae
1994 1251 2160 1314 secuudum
2181 1271 2230 1312 na·

639 1385 733 1438 turam
759 1375 791 1436 iit
813 1394 851 1436 es
875 1374 1053 1436 membranis
1074 1373 1221 1448 mucosis,
1244 1375 1356 1436 serosis
1379 1381 1435 1436 cto.
1459 1380 1664 1453 comparetur,
1691 1363 1835 1454 pleraque
1857 1373 2081 1454 suppurationis
2104 1376 2228 1456 plraeno·

639 1518 726 1560 rutena
747 1497 828 1560 tacui
851 1517 887 1560 ao
910 1496 1058 1578 probabili
1081 1497 1196 1558 ratione
1219 1496 1355 1575 expediri
1377 1515 1479 1576 posse.
1523 1495 1701 1576 intelligitur
1724 1497 1817 1572 euim,
1846 1495 1898 1578 qui
1920 1497 2040 1559 evenire
2063 1498 2174 1576 possit,
2202 1509 2229 1558 ut

638 1623 722 1701 puris
745 1621 853 1682 secreti
876 1620 965 1700 eopia
985 1620 1158 1700 rreubqnam
1182 1627 1318 1681 teneatur
1338 1619 1449 1682 ulceris
1473 1618 1592 1694 ambitu,
1614 1619 1669 1682 scd
1692 1619 1792 1698 potius
1815 1619 1896 1682 illius
1918 1625 1978 1680 tarn
2001 1619 2128 1699 qualitas
2147 1639 2230 1701 quam

638 1745 787 1826 quantitas
818 1763 836 1804 a
865 1743 980 1804 ratione
1009 1743 1117 1804 virium
1148 1751 1206 1804 tam
1232 1742 1337 1821 organi
1360 1741 1541 1822 aegrotantis
1564 1761 1652 1823 quarn
1676 1742 1767 1804 totius
1791 1743 1952 1822 organismi
1973 1743 2108 1822 pendeat.
2154 1744 2231 1822 Sup-

639 1867 813 1948 purationes
841 1865 911 1926 illae
942 1883 996 1943 per
1026 1883 1122 1926 aranos
1152 1865 1364 1944 perdurantes,
1394 1866 1499 1946 quales
1529 1864 1560 1925 iu
1589 1865 1707 1927 rrecrosi
1738 1865 1854 1926 iuterna
1884 1865 1996 1928 ossium
2027 1865 2231 1928 mbmosornm

640 1990 851 2060 observantur,
878 1987 928 2048 vix
961 1987 1020 2048 alia
1053 1987 1169 2048 ratione
1198 1987 1342 2066 explicari
1365 1995 1506 2068 possuut3
1537 1987 1761 2069 quippequnm
1785 1989 1936 2068 usquein
1959 1987 2231 2068 sanguiuelorma-

639 2123 699 2174 tum
729 2131 786 2191 pus
810 2118 922 2182 exstet,
951 2129 1048 2190 neque
1072 2112 1266 2189 corruptione
1289 2112 1417 2192 quadam
1441 2119 1607 2190 spontanea
1629 2112 1693 2171 sive
1716 2111 1869 2191 sarrguiuis
1891 2111 1978 2174 effusi
1997 2111 2062 2174 sive
2083 2111 2144 2172 seri
2165 2129 2231 2172 sau·

636 2237 734 2316 guinis
757 2235 788 2294 id
811 2234 940 2308 oriatur,
962 2252 1060 2313 neque
1083 2233 1211 2312 denique
1235 2239 1335 2312 partes
1359 2231 1474 2294 solidae
1498 2233 1660 2314 adumdum
1684 2233 1797 2297 destrui
1819 2233 1990 2310 videantur,
2013 2234 2151 2316 cogimur
2172 2235 2229 2294 lere

637 2367 671 2420 ut
693 2356 789 2418 simile
812 2355 884 2436 quid
906 2355 971 2416 lieri
993 2361 1166 2427 statuamus,
1189 2361 1277 2435 atque
1302 2355 1331 2414 iu
1356 2355 1535 2417 arrourbrauis
1559 2355 1699 2429 niuosis,
1722 2356 1752 2416 iu
1775 2355 1905 2430 renibus,
1928 2357 1958 2416 iu
1981 2357 2119 2418 ductibus
2130 2357 2229 2428 lelleis,

637 2499 771 2553 runcum,
800 2478 930 2551 airinom,
960 2475 999 2538 iel
1028 2477 1262 2538 secer-uentibus.
1310 2477 1414 2549 Adde,
1446 2496 1534 2557 quam
1565 2477 1652 2540 lacile
1683 2497 1718 2538 ac
1746 2477 1883 2540 celeriter
1905 2498 2019 2558 organa
2040 2500 2096 2561 pcr
2117 2482 2229 2558 sejam

638 2601 837 2673 secernentia,
867 2606 900 2660 ut
927 2597 1116 2660 membranae
1140 2618 1280 2661 rnucosae
1304 2604 1334 2660 et
1354 2618 1491 2674 errasse,
1522 2578 1703 2662 inflammante
1724 2620 1783 2681 pus
1805 2621 1949 2682 generare
1972 2604 2097 2682 possint.
2143 2605 2229 2666 Prac-

637 2735 719 2787 terea
739 2722 956 2818 ‘recentissimis
980 2721 1164 2800 temporibus
1195 2722 1368 2784 membrana
1390 2722 1522 2786 mucosis
1543 2723 1695 2787 simillima
1718 2726 1880 2805 praecipue
1904 2726 1934 2786 iu
1957 2726 2145 2790 abscessibus
2168 2727 2229 2788 diu-

636 2849 720 2922 tinis,
750 2848 781 2910 iu
810 2845 932 2920 listulis,
962 2863 1021 2925 opo
1056 2844 1143 2906 cultri
1172 2853 1255 2906 certo
1279 2844 1482 2908 denronslrata
1504 2852 1564 2918 est;
1593 2866 1629 2907 ac
1651 2847 1814 2910 novissime
1837 2847 2043 2912 Sebastiam
2066 2847 2120 2924 (3)
2143 2850 2227 2912 talem

636 2971 852 3043 membranam,
881 2987 918 3028 ex
941 2967 1059 3030 vomica
1082 2967 1233 3046 pulmonis
1263 2979 1430 3047 separatam
1454 2968 1572 3044 iisdem,
1605 2977 1696 3050 atque
1723 2971 1912 3034 membranae
1943 2991 2099 3048 mucosac,
2130 2975 2228 3036 chara-

635 3093 765 3155 cteribus
796 3091 935 3152 chemicis
959 3089 1127 3167 insignitam
1150 3089 1276 3161 invenit;
1300 3097 1454 3152 contracta
1476 3091 1556 3152 enim
1579 3099 1624 3154 est
1646 3111 1724 3173 aqua
1746 3094 1869 3168 fervida,
1891 3113 1946 3174 per
1969 3095 2058 3156 boras
2082 3094 2125 3158 tu
2147 3109 2229 3160 cocta

635 3233 697 3277 non
725 3212 825 3275 soluta
855 3219 916 3286 est,
945 3211 999 3273 sed
1030 3211 1221 3273 solummodo
1252 3232 1290 3272 ex
1321 3213 1390 3274 alba
1425 3213 1456 3276 in
1489 3214 1603 3276 luscam
1641 3213 1727 3292 abiit,
1767 3215 1869 3296 mutan
1904 3237 1965 3278 nou
1999 3219 2107 3290 emisit;
2144 3220 2227 3282 acido

635 3337 749 3398 acedco
772 3345 833 3396 mm
854 3333 961 3414 frigido
985 3353 1073 3415 quam
1097 3334 1196 3394 calido
1220 3334 1370 3413 pellucido
1393 3337 1479 3409 lacta,
1502 3356 1683 3417 raequevero
1707 3337 1807 3399 soluta
1829 3346 1882 3414 esi,
1905 3339 1965 3401 kall
1988 3342 2120 3404 caustico
2144 3343 2227 3404 lacile

634 3459 772 3522 solubilis
788 3465 859 3529 erat,
882 3458 922 3518 ita
945 3469 1050 3528 latacen,
1074 3469 1107 3518 ut
1129 3457 1267 3536 exiguum
1293 3457 1442 3520 residuum
1466 3459 1583 3538 nigrum
1608 3460 1797 3542 relinqueret.

794 3580 907 3642 Vemm
938 3581 1117 3654 cauendum,
1146 3599 1196 3638 nn
1214 3579 1253 3638 ita
1282 3580 1438 3654 sejunctim
1463 3581 1492 3641 iu
1516 3583 1764 3662 suppurationem
1787 3583 1980 3668 inquiramus.
2025 3588 2141 3650 Etenim
2162 3610 2227 3670 per-

632 3715 724 3786 petuo
754 3705 828 3765 liaeo
856 3723 894 3764 ex
922 3702 1153 3764 intlarmuatione
1182 3711 1279 3764 ortrun
1310 3703 1410 3776 inclita
1445 3702 1675 3766 inflammatione
1703 3725 1777 3768 vero
1807 3727 1958 3789 uunquam
1981 3729 2042 3772 uon
2074 3714 2226 3776 exsudallo

633 3829 788 3890 excitatur.
840 3827 999 3888 Materiam
1030 3837 1129 3886 autem
1157 3826 1332 3888 exsudatam
1361 3827 1612 3907 quemadmodum
1642 3829 1815 3910 organicam
1846 3831 1910 3892 lieri
1931 3832 1964 3894 iu
1987 3834 2161 3896 exsudatira
2184 3838 2225 3896 in·

632 3949 847 4020 flammatione,
869 3949 911 4008 ita
932 3948 1000 4025 ejici
1023 3949 1158 4010 videnms
1187 3949 1217 4008 iu
1240 3950 1448 4028 suppurativm
1471 3951 1570 4031 itaque
1593 3950 1753 4031 quaeritur,
1778 3959 1885 4028 ulrum,
1908 3955 1989 4034 quod
2013 3956 2043 4016 iu
2066 3956 2225 4020 irrflarmua-

633 4069 714 4130 tione
736 4067 912 4156 exsudativa
935 4067 1103 4143 effunditur,
1127 4069 1163 4128 ab
1187 4089 1234 4142 eo,
1257 4071 1338 4150 quod
1351 4071 1380 4131 iu
1393 4073 1602 4150 suppurativa,
1625 4075 1724 4135 statim
1746 4074 1784 4135 ab
1807 4075 1891 4138 initio
1915 4077 2040 4152 dilicrat,
2062 4099 2100 4140 an
2125 4083 2225 4143 eadem

633 4192 770 4252 trrateries
799 4191 829 4252 iu
860 4198 985 4272 utraque
1009 4189 1171 4250 exsudetur
1194 4199 1223 4251 et
1245 4192 1328 4271 quod
1351 4193 1449 4253 differt
1471 4193 1501 4254 iu
1524 4194 1643 4258 diversa
1666 4204 1778 4258 tantum
1803 4199 1868 4276 ejus
1891 4203 2124 4264 corrunutatioue
2146 4207 2219 4285 posi·

632 4319 694 4372 tram
725 4312 778 4372 sit?
806 4313 928 4388 Plures,
957 4331 1034 4394 quae
1062 4313 1100 4374 ad
1129 4313 1207 4374 hano
1234 4315 1440 4394 quaestionem
1471 4318 1635 4396 pertinent,
1665 4320 1695 4380 iu
1719 4319 1797 4384 libro
1821 4339 1839 4381 a
1863 4321 2040 4386 Gendrin
2063 4325 2115 4403 (l)
2138 4329 2225 4400 edito,

630 4485 950 4500 ἡ

792 4587 836 4658 (l)
859 4593 1018 4655 lle‘clard,
1037 4606 1149 4649 anniam.
1169 4599 1290 4658 gc‘nerale
1309 4617 1333 4662 p.
1353 4599 1415 4655 263.

790 4676 832 4746 (2)
854 4681 1000 4728 Blandin
1019 4691 1043 4729 el
1064 4683 1224 4748 lle'clard,
1244 4688 1323 4738 adrlit.
1343 4699 1392 4742 etc.
1412 4703 1436 4750 p.
1455 4689 1500 4740 ³1.

788 4764 830 4836 (3)
852 4767 1056 4830 Sebasliau,
1085 4773 1151 4819 uber
1173 4774 1199 4824 d.
1227 4775 1424 4838 Bcprocluctlom
1453 4777 1499 4824 der
1527 4773 1742 4836 Sthleimlrtautdt
1772 4785 1800 4832 in
1826 4782 2006 4832 Mueller't
2031 4785 2126 4834 Archiv
2146 4786 2213 4836 1836

626 4873 681 4920 pag.
701 4855 763 4911 612.

787 4937 829 5006 (l)
849 4946 1019 5006 Gendrin,
1037 4945 1057 4996 l.
1077 4961 1100 4996 c.
1120 4955 1182 4994 torn.
1202 4947 1229 4994 ll
1258 4965 1281 5010 p.
1300 4949 1361 4998 382.
1382 4967 1417 5012 sq,
