4784 5894
980 559 1034 635 85

202 770 363 855 quidnam,
377 777 451 834 -um
480 769 512 834 in
539 769 641 853 specie
663 777 805 848 externa,
834 789 924 853 quam
945 775 1097 832 stmctura
1116 768 1267 846 irrtefiore,
1289 769 1462 834 necessario
1485 769 1524 834 ad
1547 789 1652 835 eornm
1673 779 1810 835 naturam

200 896 356 977 pertineat,
379 895 452 978 quid
475 915 548 958 casu
570 901 684 962 tantum
706 894 835 970 acridatp
866 915 902 957 nc
923 894 1053 956 mexirue
1074 893 1271 971 evolationis,
1298 901 1334 955 ut
1354 895 1397 956 ita
1418 894 1530 970 dimus,
1559 913 1694 958 caremus
1718 897 1811 960 lusto·

200 1021 253 1096 riu,
276 1037 337 1102 que
359 1038 410 1082 eas
433 1037 652 1100 cognoscemus
675 1020 797 1095 formas,
820 1039 897 1101 quae
920 1025 1004 1080 certo
1027 1025 1141 1080 tentum
1164 1025 1299 1097 tempore
1322 1035 1358 1079 ec
1380 1017 1412 1080 in
1435 1017 1526 1080 certis
1555 1020 1733 1100 quibusdam
1759 1039 1810 1083 or·

109 1139 118 1152 ‘
198 1143 285 1224 genis
306 1143 443 1206 existant.
465 1146 545 1206 'lum
567 1141 685 1204 demum
709 1163 801 1225 quum
824 1141 999 1204 difficillime
1021 1139 1095 1202 llaec.
1117 1141 1253 1222 quaestio
1277 1141 1425 1223 explicata
1454 1141 1557 1217 luerit,
1574 1141 1701 1224 ·aliquid
1729 1139 1810 1206 utili·

195 1267 266 1331 tstis
289 1287 328 1330 ex
352 1267 408 1329 luc
431 1267 584 1343 doctrine,
612 1266 811 1328 anatomicam
840 1265 1001 1344 fungorum
1028 1265 1267 1347 disquisitionem
1294 1271 1463 1346 spectante,
1490 1265 1726 1328 redundaturum
1749 1272 1810 1340 est;

197 1409 297 1475 neque
321 1391 400 1456 enim
423 1390 555 1468 dubium,
577 1390 650 1473 quin
673 1397 772 1452 certae
795 1388 943 1471 quaedem
966 1383 1099 1464 formae,
1121 1395 1272 1451 structura
1294 1389 1432 1471 vitesque
1455 1389 1572 1453 ratione
1595 1389 1807 1471 discrepantes,

197 1517 288 1580 certis
322 1535 444 1600 quoquc
477 1513 591 1578 morbis
624 1512 846 1582 universalibus
880 1519 933 1576 aut
966 1511 1111 1594 singulari
1143 1513 1223 1576 vitae
1256 1513 1362 1594 ergani
1402 1514 1499 1577 effecti
1541 1513 1714 1578 alienatioui
1755 1533 1804 1578 re·

194 1641 373 1722 spondeant.
1142 1630 1146 1637 ’

355 1763 430 1828 Νοιι
452 1769 498 1828 est
519 1776 574 1828 eur
596 1764 746 1845 singulas,
777 1783 852 1848 ques
874 1763 1029 1846 hucusque
1053 1761 1278 1844 distinguendas
1299 1781 1367 1828 esse
1390 1762 1523 1826 arbitrati
1545 1769 1616 1827 sunt
1636 1763 1807 1846 scriptores,

195 1889 335 1952 efferrem
356 1889 485 1972 speciem
508 1875 769 1952 commemorasse
784 1889 921 1965 sufficiat,
943 1889 975 1950 in
997 1888 1172 1954 uniuersum
1199 1889 1334 1965 easdem,
1362 1907 1441 1970 quae
1466 1895 1568 1969 partes
1590 1888 1699 1952 melles
1722 1889 1806 1950 iura-

198 2013 287 2091 dunt,
317 2013 349 2076 in
371 2014 491 2078 ossibus
512 2032 634 2097 quoque
656 2031 827 2076 occurrere.
879 2011 975 2076 Sedes
997 2011 1139 2094 primaria
1161 2017 1213 2074 aut
1234 2013 1266 2074 in
1287 2011 1408 2074 ossibus
1431 2031 1467 2074 ae
1487 2013 1665 2094 plerumque
1687 2011 1808 2096 quidem

196 2137 229 2200 in
251 2137 333 2200 cavis
356 2157 461 2200 eorum
483 2137 707 2215 medullaribus,
731 2144 783 2200 aut
805 2137 835 2198 in
858 2136 993 2218 partibus
1015 2135 1157 2197 mollibus
1177 2135 1378 2212 conterminis,
1400 2141 1435 2197 nt
1449 2135 1626 2198 secundarie
1643 2156 1680 2201 os
1696 2135 1806 2198 morbo

194 2262 388 2344 corripiatur;
417 2261 549 2344 quodsi
572 2262 612 2336 lit,
635 2261 813 2342 plerumque
837 2256 904 2322 sola
927 2259 1102 2340 superficies
1125 2259 1267 2335 afficitur,
1297 2277 1335 2319 ex
1352 2278 1413 2340 que
1429 2279 1510 2322 nora
1527 2253 1692 2322 substantia
1707 2278 1805 2336 ossea,

193 2384 348 2448 radiorum
370 2385 419 2446 uel
443 2385 515 2448 retis
537 2384 587 2446 vel
610 2383 756 2447 cellarum
777 2383 908 2464 speciem
938 2385 1071 2444 reterens
1100 2381 1233 2463 prosilit,
1261 2401 1391 2463 purorum
1420 2383 1578 2446 intervella
1606 2402 1707 2446 massa
1736 2385 1804 2446 lurr-

190 2529 268 2590 gosa
296 2509 463 2590 explentur.
514 2508 568 2570 Sin
596 2527 671 2571 vero
701 2509 812 2587 fungus
841 2507 872 2570 iu
901 2507 968 2588 ipso
998 2505 1072 2569 tubo
1096 2505 1255 2568 medullari
1278 2505 1392 2583 existit,
1423 2526 1458 2568 os
1480 2507 1585 2588 spinae
1607 2515 1751 2571 ventosae
1773 2508 1805 2570 in

191 2634 316 2695 modum
337 2633 458 2696 inflatur
480 2641 569 2713 etque
591 2631 704 2712 passim
733 2631 949 2711 perrumpitur3
977 2649 1075 2710 neque
1102 2649 1177 2692 vero
1208 2636 1399 2691 attenuantur
1428 2631 1527 2692 selum
1557 2633 1635 2694 ossis
1664 2631 1804 2712 parietes,
1840 2656 1843 2664 ¹

190 2756 374 2831 sedetiam,
403 2754 513 2816 morbo
534 2755 565 2814 iu
588 2752 773 2816 canaliculos
796 2772 916 2836 quoqne
937 2753 1135 2829 medullares,
1162 2759 1197 2814 ut
1217 2751 1350 2829 videtur,
1373 2762 1555 2835 propagulo,
1583 2755 1675 2817 variis
1703 2753 1803 2817 modis

187 2867 297 2962 quoadv
324 2885 504 2940 structuram
537 2883 774 2954 commutantur,
816 2883 904 2957 atque
942 2875 1081 2938 cellulosi
1123 2882 1153 2936 et
1186 2875 1351 2938 crassiores
1388 2875 1474 2938 liunt.
1540 2877 1629 2940 Tales
1667 2885 1801 2942 tumores

189 3004 230 3065 ad
257 3003 407 3082 ingentem
434 3000 576 3064 ambitum
605 3020 779 3064 accrescere
814 3007 956 3088 possunt3
989 3000 1146 3080 Ruysclr
1170 2998 1225 3084 (l)
1254 2999 1286 3062 in
1315 3000 1430 3063 temore
1457 3000 1513 3062 riri
1543 2999 1700 3081 cujusdam
1728 3001 1803 3064 vidit

188 3135 338 3190 tunmrem
359 3125 453 3206 pedes
476 3133 537 3188 tres
561 3131 591 3189 et
612 3125 767 3186 dimidium
790 3125 902 3186 ambitu
925 3123 1135 3203 complentem.

353 3250 463 3314 Omnia
485 3269 562 3312 ossa
589 3249 636 3312 tis
666 3247 946 3330 degeneratiouibus
974 3246 1086 3327 corripi
1108 3252 1250 3328 possunt,
1284 3249 1419 3311 emnium
1446 3267 1519 3312 vero
1549 3250 1723 3331 saepissime
1750 3269 1802 3314 ex-

191 3375 354 3436 tremitates
382 3373 562 3436 alliciuntur.
613 3374 711 3436 Etiam
732 3372 770 3451 {in
800 3372 921 3436 essibus
949 3371 1043 3434 cranii
1073 3371 1250 3434 observatae
1280 3379 1364 3447 sunt;
1393 3373 1425 3436 in
1454 3374 1563 3458 quibus
1592 3393 1610 3436 e
1638 3373 1742 3456 diploii
1768 3383 1803 3438 ut
1915 3407 1916 3416 κ

119 3537 124 3546 -
191 3497 299 3562 molles
328 3489 477 3576 tumores,
504 3504 647 3581 tanquam
669 3497 783 3560 sceleto
807 3515 898 3560 osseo
920 3496 1064 3577 praediti,
1099 3502 1160 3558 turn
1182 3496 1362 3559 intrinsecus
1384 3517 1474 3580 quarn
1496 3498 1680 3562 extrinsecus
1702 3499 1802 3579 presi-

188 3622 279 3701 liunt,
308 3629 397 3706 atque
424 3643 443 3684 a
467 3625 561 3704 fungo
576 3623 679 3686 durae
701 3621 805 3686 metris
828 3639 866 3684 eo
889 3619 1131 3699 distinguuntur,
1160 3620 1243 3702 quod
1264 3639 1364 3704 neque
1386 3621 1507 3702 reprimi
1530 3629 1671 3702 possunt,
1702 3641 1800 3705 neque

187 3747 353 3829 marginem
375 3767 497 3810 osseum
520 3753 641 3808 acutum
665 3745 764 3826 digitis
786 3743 1015 3826 percipiendum
1037 3742 1177 3804 exhibent
1199 3740 1260 3824 (2).
1479 3721 1486 3735 ’

350 3871 561 3947 CoutusioueS,
583 3869 718 3946 uulnera,
741 3876 775 3929 ut
797 3867 911 3948 paucis,
934 3865 1084 3948 quaelibet
1107 3865 1220 3928 ossium
1242 3865 1347 3943 laesio,
1371 3885 1447 3950 quee
1470 3865 1620 3929 actionem
1641 3867 1798 3949 plasticam

187 3998 218 4060 in
241 3997 313 4060 loco
337 3997 444 4060 effecto
467 4003 564 4076 auget,
586 3994 613 4058 si
636 4014 696 4076 qua
718 3992 812 4056 tetius
832 3991 972 4073 eorporis
995 3991 1081 4062 adest
1103 3988 1270 4070 dispositio,
1292 3991 1392 4054 iacere
1413 3999 1529 4072 potest,
1557 3999 1590 4056 ut
1612 3993 1722 4074 fungus
1745 4013 1798 4056 ex-

185 4121 308 4196 orietur,
331 4121 442 4204 quippe
465 4118 618 4200 sanguinis
641 4117 720 4180 mule
743 4116 887 4178 nrixtione
910 4115 956 4178 uis
978 4113 1092 4190 uitalis,
1121 4133 1199 4205 quae
1223 4115 1301 4176 inest
1323 4115 1353 4176 in
1377 4114 1484 4176 librina
1507 4117 1666 4193 exsudata,
1695 4118 1798 4198 siugu-

183 4243 280 4308 larem
302 4245 332 4306 iu
355 4245 478 4306 modum
501 4243 666 4318 alienatur,
695 4241 891 4323 ejusdemque
921 4245 1122 4304 commutatur
1144 4238 1341 4320 organisati03
1372 4257 1463 4320 suepe
1486 4257 1559 4301 uero
1583 4239 1672 4302 etium
1695 4241 1725 4303 ui
1748 4249 1794 4306 tu-

182 4389 284 4432 mores
306 4369 398 4430 nullis
421 4368 521 4431 causis
543 4367 683 4443 externis,
706 4385 785 4448 quse
807 4364 929 4447 quidem
950 4361 1049 4444 detegi
1072 4363 1200 4445 possint,
1223 4363 1410 4427 exoriuntur.

342 4491 449 4552 Petit
471 4489 522 4572 (3)
546 4491 675 4574 primum
698 4489 885 4553 medicorum
908 4487 1024 4550 animos
1056 4485 1094 4547 ud
1116 4487 1194 4547 hauc
1217 4485 1332 4549 ossium
1354 4484 1631 4568 degenerationem,
1660 4507 1739 4572 quae
1762 4489 1796 4552 fit

343 4727 385 4796 (1)
403 4729 560 4796 iturust,
578 4731 598 4784 l.
617 4745 641 4786 c.
660 4733 717 4784 ebs.
735 4731 865 4784 LXXXl.
884 4746 910 4793 p.
929 4727 992 4782 1⁰2.

343 4815 386 4888 (2)
406 4819 572 4881 Wrurel,
597 4821 663 4868 ulna
685 4817 1062 4872 e.seuu·amm.unrsue1ue
1086 4817 1134 4868 drr
1156 4816 1251 4869 lumea
1268 4812 1414 4870 mntem:
1430 4816 1621 4870 utriculum.
1639 4831 1664 4880 p.
1684 4816 1729 4874 ea.
1756 4839 1792 4852 -

185 4927 212 4964 r.
229 4910 393 4961 Walttcr
410 4910 439 4957 iu
459 4925 483 4960 r.
495 4907 598 4956 ‘Grauius
616 4924 644 4960 u.
664 4923 689 4960 v.
711 4908 846 4958 walum
863 4907 974 4957 Journal
992 4907 1024 4960 Τ.
1044 4906 1068 4960 1.
1087 4922 1112 4970 p.
1131 4903 1177 4960 ⁵5.

343 4993 386 5067 (θ)
407 4999 512 5060 retur,
530 4996 550 5046 l.
569 5011 595 5046 r.
613 5011 640 5060 p.
658 4995 722 5049 tut.
1113 5005 1118 5012 ·
