4784 5894
970 533 1045 610 lss'i

202 741 296 826 Quod
315 743 473 826 quomodo
495 745 552 806 liat
569 760 663 826 qunaa
682 743 865 826 quaerimus,
884 743 914 806 si
936 743 1133 831 enodatione
1155 743 1279 806 murt
1304 743 1532 826 pommus
1557 751 1729 830 sutum,
1760 753 1807 816 ia-

202 867 270 930 cllia
291 868 433 948 expetitu
454 885 506 932 res
527 875 586 942 ests
608 867 655 932 sbi
677 869 785 947 minus,
805 873 933 932 ansanus
956 868 1165 933 moemedlnm
1188 867 1330 934 esmdtri
1349 875 1383 932 et
1401 870 1579 950 ementati,
1602 874 1669 938 be.
1692 893 1807 958 suppu-

201 989 328 1054 ratlvauu
350 990 615 1056 inflammationes
638 994 670 1056 iu
692 992 899 1056 nmirum
917 992 1107 1054 maumansri
1130 991 1334 1054 arbitrandum
1356 1001 1449 1068 essen
1471 996 1626 1060 atvereei
1648 1005 1806 1081 uutopm

196 1114 254 1176 bae
274 1114 356 1178 inter
374 1133 426 1192 se,
440 1132 531 1198 quatu
552 1117 648 1197 uulgo
671 1115 811 1192 eraditur,
833 1115 1047 1195 disorapnreut,
1068 1132 1169 1197 neque
1188 1123 1250 1176 tana
1272 1113 1425 1192 celeriter,
1448 1135 1546 1200 neque
1569 1135 1607 1180 ex
1630 1138 1723 1185 osma
1746 1133 1806 1186 tam

195 1237 264 1312 leel,
287 1239 386 1321 quatu
408 1239 566 1321 estquod
589 1240 668 1304 iuter
689 1259 724 1304 sa
744 1235 970 1320 granulatioues
993 1238 1175 1318 contingant,
1198 1238 1267 1300 talus
1289 1241 1482 1304 monnesio
1505 1241 1635 1306 existere
1655 1254 1792 1326 *posset*

355 1363 614 1442 &argumentis
635 1362 744 1438 ellam,
778 1377 907 1444 quorum
941 1373 1098 1422 numenius
1122 1375 1249 1442 engere,
1283 1362 1419 1444 quamuis
1448 1364 1537 1426 lscile
1565 1366 1617 1444 sit,
1652 1368 1711 1430 boc
1732 1369 1804 1434 loco

193 1485 408 1568 pracmrmitto,
430 1501 492 1548 uon
516 1486 557 1550 ita
578 1485 700 1568 quidam
722 1492 814 1562 cato,
837 1493 871 1548 nt
892 1484 935 1546 nil
957 1479 1038 1544 ultus
1060 1483 1266 1561 desideretur,
1297 1491 1328 1546 at
1358 1485 1488 1550 maxima
1509 1495 1610 1550 tamen
1634 1509 1701 1554 cum
1724 1493 1804 1556 veri·

194 1607 387 1670 similitudine
408 1608 527 1671 videtur
548 1609 691 1672 oondndi
712 1628 820 1690 possa,
856 1606 1161 1688 granulationes
1192 1608 1279 1670 sive
1309 1607 1513 1674 cicatricis
1542 1613 1802 1678 substantiam

193 1731 230 1794 iu
252 1733 553 1812 suppuratione,
574 1729 712 1795 similiter
733 1738 822 1814 atque
850 1731 882 1794 in
912 1729 1145 1792 inflammatione
1173 1730 1366 1810 exsudatius,
1400 1735 1565 1796 iormari
1599 1738 1802 1818 organista-

191 1855 304 1918 tione
326 1843 515 1918 materiae
536 1855 736 1936 plasticae
768 1856 806 1916 iu
839 1854 1060 1934 superficie
1093 1851 1270 1918 vulneris
1300 1855 1524 1920 exsudatre.
1571 1858 1690 1924 tnasm
1712 1857 1800 1926 etiam

192 1979 252 2042 boc
271 1977 404 2040 elucebit
425 1978 650 2060 comparatione
672 1979 751 2042 luter
772 1983 928 2060 utramque
951 1976 1192 2040 murmuriosus
1214 1978 1343 2040 formam
1364 1978 1443 2040 inira
1464 1979 1655 2044 instituenda.

286 2237 291 2248 ,
324 2193 380 2254 lle
407 2199 534 2256 mutua
562 2191 713 2256 ratione
741 2190 841 2257 iuter
869 2209 940 2272 pus
976 2199 1014 2251 et
1046 2188 1349 2270 simulationes
1377 2191 1662 2257 intercedente.

351 2351 463 2414 Variae
491 2349 654 2412 ednodum
682 2350 851 2431 partimque
882 2348 1017 2410 edvemis
1045 2347 1194 2410 frontibus
1225 2347 1282 2410 sibl
1303 2355 1470 2429 pugnantes
1494 2352 1658 2414 smmntiae
1680 2354 1737 2417 bac
1759 2357 1797 2418 de

189 2485 234 2540 re'
255 2475 430 2557 prepositae
457 2483 544 2547 seruts
573 2474 624 2536 alii
647 2474 726 2536 enlm
748 2471 833 2555 puris
855 2472 1054 2536 secredcnem
1076 2471 1276 2536 necessariam
1298 2471 1408 2534 babent
1429 2473 1468 2534 ad
1490 2475 1664 2540 ionuaudts
1686 2494 1797 2558 grauu-

189 2599 334 2674 lab'oues,
364 2598 415 2659 alii
444 2597 627 2659 conmotam
654 2597 746 2677 plnum
773 2601 949 2676 proponunt
979 2595 1141 2672 rationem,
1170 2595 1254 2674 puris
1276 2596 1474 2657 secretimem
1496 2617 1516 2658 a
1537 2600 1795 2678 granulationibus

187 2723 322 2806 pendere
349 2721 535 2782 arbitrantes.
586 2718 664 2780 ilinc
693 2718 795 2793 disus
823 2733 886 2798 quo
915 2723 1076 2796 utrumqne
1112 2723 1249 2796 tempure
1283 2717 1402 2793 existat,
1440 2719 1612 2800 discrepent
1635 2724 1793 2802 opiniones

188 2847 384 2926 scriptorum,
406 2861 550 2925 quorum,
572 2847 606 2904 nt
628 2840 766 2921 exempla
788 2839 938 2914 eliceam,
966 2836 1121 2900 liunter
1142 2837 1195 2914 (l)
1218 2837 1317 2900 mmis
1339 2855 1437 2900 novae
1460 2841 1685 2919 formationem,
1708 2857 1792 2924 post-

187 2987 277 3052 quam
308 2967 486 3047 suppuratio
514 2965 700 3046 apperuerit,
731 2963 876 3025 contiuuo
899 2961 1031 3042 insequi,
1061 2967 1167 3023 conus
1188 2959 1398 3045 Bicbatffl)
1422 2962 1655 3042 granulatiortes,
1679 2968 1792 3048 qnippe

186 3092 332 3173 singulari
361 3091 528 3154 secretione
557 3086 736 3169 pueritiis
759 3084 1130 3165 secernipntaus,prius
1154 3084 1281 3146 existere
1303 3083 1413 3162 voluit,
1444 3086 1573 3168 durique
1602 3089 1713 3150 l'auli
1737 3089 1789 3172 (3)

187 3217 295 3278 eodem
317 3221 476 3294 utrumque
498 3220 634 3293 tempore
657 3209 730 3274 oriri
753 3217 783 3272 et
804 3208 969 3292 aequaliter
990 3226 1051 3270 uua
1073 3207 1239 3288 procedere
1262 3208 1423 3270 contendit

347 3337 462 3398 Verum
495 3336 633 3417 perpetui
667 3333 829 3416 quidquam
863 3331 920 3394 hec
955 3333 1048 3394 dere
1071 3331 1161 3394 statui
1182 3349 1246 3394 uon
1267 3351 1374 3412 posse,
1400 3334 1464 3412 jam
1488 3353 1525 3396 ex
1547 3337 1790 3402 antecedentibus

186 3461 491 3542 laeile‘persplcitur:
514 3476 572 3540 pus
594 3466 625 3520 et
644 3457 871 3538 gtauurlatioues
893 3470 1083 3538 nequaquam
1102 3457 1144 3516 ita
1156 3456 1483 3533 connumerent
1504 3456 1631 3520 alternus
1644 3481 1681 3523 ex
1693 3461 1789 3526 attero

185 3586 329 3668 pendeat,
367 3604 403 3646 ac
434 3585 506 3646 licet
527 3583 696 3645 exeodem
719 3583 802 3644 ioute
824 3587 985 3661 utrumque
1006 3587 1106 3642 ortum
1130 3578 1241 3654 tralmt,
1278 3597 1336 3658 pro
1366 3597 1403 3642 se
1431 3587 1530 3641 tamen
1560 3583 1692 3666 quidque
1720 3586 1789 3646 abs-

187 3729 246 3794 que
268 3711 373 3772 altero·
388 3709 495 3770 adesse
517 3713 625 3787 potest.
672 3705 789 3766 Etenim
816 3703 895 3764 bend
919 3721 989 3769 raro
1011 3719 1070 3782 pus
1091 3701 1229 3762 videmus
1261 3653 1503 3782 secernifquin
1525 3711 1624 3765 munes
1646 3708 1787 3784 granula-

185 3837 281 3899 tiones
304 3853 365 3896 tuna
387 3831 500 3907 adsint,
524 3831 609 3892 utin
631 3827 811 3890 membranis
833 3824 1072 3900 secernentibus,
1094 3823 1126 3884 in
1148 3823 1352 3898 abscessibus,
1374 3841 1466 3902 quum
1489 3825 1617 3904 primurn
1641 3827 1786 3903 oriuntur,

184 3963 215 4025 iu
236 3959 391 4022 ulceribus
412 3954 552 4018 celeriter
571 3953 661 4015 latine
684 3949 886 4030 serpentibus
910 3946 1065 4028 inquibus
1082 3945 1231 4020 omnibus,
1254 3943 1281 4006 si
1295 3944 1542 4026 utiqueenistunt
1561 3950 1785 4028 emulationes

183 4083 233 4146 rel
263 4083 345 4167 quod
379 4082 426 4142 his
441 4075 546 4142 ‘simile
568 4079 622 4151 sit,
655 4073 866 4156 progrediente
889 4071 1009 4132 demum
1031 4069 1249 4150 suppuratione
1272 4085 1326 4132 eae
1349 4078 1507 4150 appareut3
1545 4071 1590 4132 sic
1612 4071 1641 4132 iu
1666 4072 1786 4136 abrom-

183 4208 266 4271 sib'us
293 4204 469 4268 utembrsna·
495 4201 611 4284 spuria,
648 4216 755 4260 esuum
780 4203 885 4277 postea
907 4194 1094 4270 obvestiens,
1131 4193 1245 4256 circum
1268 4209 1326 4274 pus
1345 4193 1409 4272 mm
1432 4195 1597 4274 perlectum
1619 4195 1785 4276 ommium

182 4333 214 4394 iu
235 4329 388 4393 ulceribus
409 4344 473 4389 non
495 4327 587 4406 prius,
621 4337 710 4406 quam
745 4320 857 4384 destrui
881 4319 967 4381 desiit
989 4318 1049 4380 tela
1069 4317 1214 4398 organica
1236 4323 1324 4396 atque
1347 4315 1378 4376 in
1399 4317 1648 4397 suppurationem
1669 4319 1785 4400 simpli·

183 4475 248 4518 cem
277 4451 422 4514 ulceratio
451 4448 628 4511 commutari
655 4445 770 4526 eoepit,
800 4448 946 4524 apparent
971 4441 1209 4521 granulatioues3
1233 4438 1423 4500 membranae
1446 4459 1588 4504 mueoeae
1611 4449 1641 4504 et
1660 4463 1784 4506 eeroeae

182 4583 342 4662 postquem
365 4593 421 4654 per
442 4571 565 4652 eliquod
588 4579 706 4650 tempus
728 4589 785 4650 pus
802 4571 1002 4640 semoverunt,
1023 4561 1291 4643 grmuluiouibre.
1303 4561 1352 4622 uel
1372 4563 1458 4646 quod
1479 4563 1526 4628 tis
1548 4567 1783 4648 comparandum

184 4704 504 4735 μὲν*

345 4787 385 4851 (i)
405 4787 550 4846 linum,
567 4783 588 4836 1.
607 4798 631 4837 c,
650 4790 712 4833 tom.
731 4781 768 4834 ll.
787 4789 848 4830 sect.
868 4781 904 4833 ll.
923 4795 949 4843 p.
968 4778 1030 4828 iffi.

345 4869 791 4944 (¹1)utentn,t.e.sora.1.p.
812 4867 871 4918 iffi.

342 4965 383 5032 (3)
404 4962 523 5022 Pauli,
541 4961 562 5012 l.
581 4975 604 5008 e.
623 4973 648 5020 p.
667 4955 771 5010 timu,
