4856 5896
1394 529 1468 617 ฯ.

621 746 759 810 stallinas
782 765 849 812 esse
871 745 1037 828 putandum
1065 747 1157 820 loret3
1191 745 1275 829 qnod
1302 746 1334 810 in
1362 745 1465 810 multis
1493 743 1736 813 concretionibus
1764 743 1833 808 aeri
1859 740 2009 818 videmus,
2042 740 2074 804 ia
2101 735 2221 802 ossibus

621 890 704 946 vero,
725 869 895 935 fortissimis
917 869 1007 934 etiam
1028 869 1166 934 adhibitis
1189 868 1328 947 lentibus,
1350 888 1413 934 non
1435 867 1713 943 mmradvaffimnm
1740 885 1834 948 pon-o
1858 865 2060 946 carb'laginem
2082 881 2121 924 ex
2149 877 2221 924 osae

621 999 813 1074 protractam,
835 992 987 1058 solutione
1010 1001 1204 1057 concontrata
1226 994 1334 1056 salium
1356 999 1560 1056 extractoriam
1588 993 1786 1054 humanatam
1808 997 1839 1054 ot
1859 989 1921 1053 lani
1942 987 2044 1052 calore
2069 1002 2223 1066 evapora-

622 1125 691 1194 tam,
714 1117 745 1180 in
767 1136 805 1180 os
826 1137 931 1180 rursus
954 1118 1063 1180 mutari
1085 1123 1255 1211 oportepet3
1277 1117 1361 1200 quod
1382 1119 1494 1180 bostra
1514 1122 1660 1191 tenutam
1690 1134 1727 1178 ac
1749 1114 1869 1178 (lamam
1891 1113 1951 1176 tale
1973 1111 2046 1195 qnirl
2066 1109 2224 1174 manifeste

622 1241 757 1322 conspici
777 1259 902 1306 necesse
924 1246 1003 1304 esset
1026 1241 1057 1303 in
1079 1240 1253 1322 cartilagine
1275 1241 1307 1304 in
1330 1261 1366 1306 os
1389 1241 1531 1314 abeunte3
1561 1238 1645 1323 qnod
1672 1257 1826 1322 nunqnam
1846 1235 2056 1314 milievenit,
2085 1232 2158 1298 licet
2178 1237 2223 1294 at-

622 1364 785 1426 tentissime
807 1365 838 1426 in
861 1365 919 1426 hoc
941 1365 1073 1426 animum
1096 1364 1270 1452 advertenti,
1294 1364 1356 1442 sed,
1379 1364 1451 1426 dum
1473 1363 1584 1426 sensim
1606 1361 1752 1444 cartilago
1775 1362 1953 1438 ossillum,
1975 1365 2123 1424 texturam
2134 1353 2223 1420 simul

622 1488 738 1564 mutari,
760 1487 1017 1569 metamorphosin
1039 1489 1129 1569 igimr
1150 1507 1277 1569 prorsus
1300 1475 1420 1551 sitalem
1442 1488 1508 1552 fleri
1530 1487 1675 1552 videmus.

780 1612 923 1690 Fuerunt,
946 1613 1006 1695 qui,
1028 1612 1112 1695 quod
1134 1631 1206 1676 ossa
1227 1612 1421 1677 animantum
1443 1611 1529 1676 rabia
1553 1612 1715 1676 tinctorum
1737 1610 1922 1674 vescentium
1943 1607 2101 1684 rubebunt,
2123 1623 2161 1665 ex
2179 1604 2223 1666 al-

620 1734 743 1811 finitate,
766 1755 843 1817 quae
866 1736 944 1798 intan
965 1735 1119 1799 materiam
1142 1734 1311 1798 tinctoriam
1332 1737 1389 1798 hae
1411 1735 1515 1817 planta
1537 1741 1709 1800 contentam
1739 1741 1770 1798 st
1799 1733 1960 1798 calcariam
1991 1727 2224 1814 phosphorieam

621 1858 787 1936 intercedit,
808 1859 886 1922 banc
907 1860 1013 1940 ipsam,
1035 1866 1070 1922 nl
1092 1860 1336 1938 conjunctionem
1358 1860 1519 1936 binariam,
1549 1860 1581 1924 in
1610 1858 1729 1924 ossibus
1758 1859 1858 1922 inesse
1881 1849 2111 1929 concludendam
2139 1851 2223 1916 lesti-

621 1981 748 2060 nautius,
772 1988 806 2045 ut
827 1983 897 2044 milri
920 1983 1041 2066 quidem
1062 1983 1194 2057 videtum
1217 1984 1329 2065 quippe
1351 1983 1394 2046 nil
1416 1983 1523 2062 obstat,
1546 2003 1608 2066 quo
1630 1983 1729 2048 minus
1751 1982 1812 2046 alia
1832 2001 1954 2065 quoque
1976 1980 2131 2057 elementa,
2151 1995 2221 2040 carm

621 2103 776 2198 elemeptis
798 2105 946 2168 calcariae
967 2107 1093 2188 phosph.
1115 2106 1232 2187 legibus
1255 2108 1413 2188 organicis,
1436 2127 1514 2190 quae
1536 2127 1600 2170 non
1620 2108 1653 2172 in
1674 2107 1812 2170 manibus
1834 2105 2128 2179 suntobemieornm,
2149 2119 2223 2166 oon-

616 2229 723 2308 jnncta
749 2228 875 2294 eandem
904 2230 1032 2293 babeant
1061 2250 1131 2292 cnm
1160 2231 1284 2292 matoria
1312 2230 1365 2294 illa
1392 2231 1533 2294 tinctoris
1559 2217 1741 2296 affinitatem.
1786 2232 1947 2296 Praeterea
1969 2248 2041 2294 oasa
2061 2225 2222 2309 palumbae

451 2429 456 2438 ยน
558 2422 560 2426 ยน
616 2351 759 2431 junioris,
780 2352 867 2415 rubia
889 2352 961 2416 dum
983 2353 1097 2416 viveret
1119 2360 1231 2435 pastae,
1259 2374 1315 2435 per
1337 2361 1430 2416 totam
1453 2373 1580 2435 prorsus
1602 2355 1799 2418 substantiam
1820 2353 1985 2438 aequaliter
2014 2331 2219 2426 rubescebant,

619 2494 726 2558 nsque,
749 2476 918 2540 fortissimis
940 2476 1029 2538 etima
1051 2477 1179 2540 admotis
1201 2477 1417 2560 microsoopiis,
1440 2478 1488 2542 vel
1511 2479 1694 2560 corpuscula
1716 2487 1830 2544 annun
1851 2478 1902 2544 vel
1923 2485 2036 2562 puncta
2049 2477 2104 2542 illa
2125 2477 2218 2559 (quae

620 2599 805 2670 canaliculos
828 2619 894 2664 ease
917 2601 1087 2666 Dautseb
1109 2601 1220 2686 putat),
1243 2601 1311 2666 sola
1333 2602 1445 2668 nabore
1467 2602 1559 2668 tincta
1580 2604 1652 2668 mibi
1674 2603 1867 2687 apparebant
