<?xml version="1.0" encoding="UTF-8"?>
<!DOCTYPE html PUBLIC "-//W3C//DTD XHTML 1.0 Transitional//EN"
    "http://www.w3.org/TR/xhtml1/DTD/xhtml1-transitional.dtd">
<html xmlns="http://www.w3.org/1999/xhtml" xml:lang="en" lang="en">
 <head>
  <title>
</title>
<meta http-equiv="Content-Type" content="text/html;charset=utf-8" />
  <meta name='ocr-system' content='tesseract 3.04.00' />
  <meta name='ocr-capabilities' content='ocr_page ocr_carea ocr_par ocr_line ocrx_word'/>
</head>
<body>
  <div class='ocr_page' id='page_1' title='image "./deinflammatione00mlgoog_0235.png"; bbox 0 0 4768 5894; ppageno 0'>
   <div class='ocr_carea' id='block_1_1' title="bbox 1379 561 1459 636">
    <p class='ocr_par' dir='ltr' id='par_1_1' title="bbox 1379 561 1459 636">
     <span class='ocr_line' id='line_1_1' title="bbox 1379 561 1459 636; baseline 0.013 -1"><span class='ocrx_word' id='word_1_1' title='bbox 1379 561 1459 636; x_wconf 79' lang='lat'><strong>218</strong></span> 
     </span>
    </p>
   </div>
   <div class='ocr_carea' id='block_1_2' title="bbox 623 765 2216 976">
    <p class='ocr_par' dir='ltr' id='par_1_2' title="bbox 623 765 2216 976">
     <span class='ocr_line' id='line_1_2' title="bbox 623 765 2214 850; baseline -0.003 -13"><span class='ocrx_word' id='word_1_2' title='bbox 623 773 816 837; x_wconf 89' lang='lat' dir='ltr'><strong>Breschet</strong></span> <span class='ocrx_word' id='word_1_3' title='bbox 836 773 887 849; x_wconf 88' lang='grc'><strong>(1)</strong></span> <span class='ocrx_word' id='word_1_4' title='bbox 918 771 960 835; x_wconf 89' lang='lat' dir='ltr'><strong>ita</strong></span> <span class='ocrx_word' id='word_1_5' title='bbox 987 771 1094 835; x_wconf 86' lang='lat' dir='ltr'><strong>effatus</strong></span> <span class='ocrx_word' id='word_1_6' title='bbox 1123 777 1183 834; x_wconf 86' lang='lat' dir='ltr'><strong>est:</strong></span> <span class='ocrx_word' id='word_1_7' title='bbox 1219 769 1319 835; x_wconf 73' lang='lat' dir='ltr'><strong>»alors</strong></span> <span class='ocrx_word' id='word_1_8' title='bbox 1348 789 1390 832; x_wconf 92' lang='lat' dir='ltr'><strong>on</strong></span> <span class='ocrx_word' id='word_1_9' title='bbox 1418 771 1484 835; x_wconf 88' lang='lat' dir='ltr'><strong>voit</strong></span> <span class='ocrx_word' id='word_1_10' title='bbox 1503 765 1600 832; x_wconf 85' lang='lat' dir='ltr'><strong>uaitre</strong></span> <span class='ocrx_word' id='word_1_11' title='bbox 1622 769 1676 832; x_wconf 90' lang='lat' dir='ltr'><strong>des</strong></span> <span class='ocrx_word' id='word_1_12' title='bbox 1697 769 1870 850; x_wconf 86' lang='lat' dir='ltr'><strong>bourgeons</strong></span> <span class='ocrx_word' id='word_1_13' title='bbox 1893 787 1945 832; x_wconf 89' lang='lat' dir='ltr'><strong>sur</strong></span> <span class='ocrx_word' id='word_1_14' title='bbox 1964 769 1997 830; x_wconf 91' lang='lat' dir='ltr'><strong>la</strong></span> <span class='ocrx_word' id='word_1_15' title='bbox 2018 773 2146 848; x_wconf 85' lang='lat' dir='ltr'><strong>rupture</strong></span> <span class='ocrx_word' id='word_1_16' title='bbox 2166 785 2214 832; x_wconf 88' lang='lat' dir='ltr'><strong>as-</strong></span> 
     </span>
     <span class='ocr_line' id='line_1_3' title="bbox 628 891 2216 976; baseline -0.001 -21"><span class='ocrx_word' id='word_1_17' title='bbox 628 917 733 960; x_wconf 76' lang='lat' dir='ltr'><strong>„seuse</strong></span> <span class='ocrx_word' id='word_1_18' title='bbox 756 895 947 973; x_wconf 75' lang='lat' dir='ltr'><strong>elle-meme,</strong></span> <span class='ocrx_word' id='word_1_19' title='bbox 970 915 1023 958; x_wconf 92' lang='lat' dir='ltr'><strong>sur</strong></span> <span class='ocrx_word' id='word_1_20' title='bbox 1044 892 1249 958; x_wconf 88' lang='lat' dir='ltr'><strong>l&#39;essilication</strong></span> <span class='ocrx_word' id='word_1_21' title='bbox 1272 892 1467 957; x_wconf 86' lang='lat' dir='ltr'><strong>accidentelle</strong></span> <span class='ocrx_word' id='word_1_22' title='bbox 1490 893 1541 976; x_wconf 90' lang='lat' dir='ltr'><strong>qui</strong></span> <span class='ocrx_word' id='word_1_23' title='bbox 1563 900 1689 956; x_wconf 88' lang='lat' dir='ltr'><strong>entoure</strong></span> <span class='ocrx_word' id='word_1_24' title='bbox 1711 892 1757 956; x_wconf 90' lang='lat' dir='ltr'><strong>les</strong></span> <span class='ocrx_word' id='word_1_25' title='bbox 1778 893 1869 956; x_wconf 83' lang='lat' dir='ltr'><strong>bouis</strong></span> <span class='ocrx_word' id='word_1_26' title='bbox 1891 892 1930 954; x_wconf 85' lang='lat' dir='ltr'><strong>de</strong></span> <span class='ocrx_word' id='word_1_27' title='bbox 1951 891 1982 952; x_wconf 88' lang='lat' dir='ltr'><strong>la</strong></span> <span class='ocrx_word' id='word_1_28' title='bbox 2003 894 2145 968; x_wconf 88' lang='lat' dir='ltr'><strong>fracture,</strong></span> <span class='ocrx_word' id='word_1_29' title='bbox 2166 909 2216 953; x_wconf 84' lang='lat' dir='ltr'><strong>sur</strong></span> 
     </span>
    </p>
   </div>
   <div class='ocr_carea' id='block_1_3' title="bbox 629 1011 2218 1098">
    <p class='ocr_par' dir='ltr' id='par_1_3' title="bbox 629 1011 2218 1098">
     <span class='ocr_line' id='line_1_4' title="bbox 629 1011 2218 1098; baseline -0.001 -21"><span class='ocrx_word' id='word_1_30' title='bbox 629 1022 677 1082; x_wconf 77' lang='lat' dir='ltr'><strong>„la</strong></span> <span class='ocrx_word' id='word_1_31' title='bbox 706 1020 865 1083; x_wconf 79' lang='lat' dir='ltr'><strong>substance</strong></span> <span class='ocrx_word' id='word_1_32' title='bbox 895 1020 936 1080; x_wconf 93' lang='lat' dir='ltr'><strong>du</strong></span> <span class='ocrx_word' id='word_1_33' title='bbox 964 1019 1012 1080; x_wconf 86' lang='lat' dir='ltr'><strong>cal</strong></span> <span class='ocrx_word' id='word_1_34' title='bbox 1034 1039 1097 1081; x_wconf 91' lang='lat' dir='ltr'><strong>uon</strong></span> <span class='ocrx_word' id='word_1_35' title='bbox 1120 1037 1230 1080; x_wconf 82' lang='lat' dir='ltr'>encore</span> <span class='ocrx_word' id='word_1_36' title='bbox 1254 1011 1388 1093; x_wconf 70' lang='lat' dir='ltr'><strong>omiliae,</strong></span> <span class='ocrx_word' id='word_1_37' title='bbox 1419 1017 1500 1078; x_wconf 88' lang='lat' dir='ltr'><strong>aussi</strong></span> <span class='ocrx_word' id='word_1_38' title='bbox 1522 1016 1591 1078; x_wconf 89' lang='lat' dir='ltr'><strong>bieu</strong></span> <span class='ocrx_word' id='word_1_39' title='bbox 1614 1035 1672 1097; x_wconf 90' lang='lat' dir='ltr'><strong>que</strong></span> <span class='ocrx_word' id='word_1_40' title='bbox 1694 1035 1748 1078; x_wconf 89' lang='lat' dir='ltr'><strong>sur</strong></span> <span class='ocrx_word' id='word_1_41' title='bbox 1769 1017 1815 1078; x_wconf 89' lang='lat' dir='ltr'><strong>les</strong></span> <span class='ocrx_word' id='word_1_42' title='bbox 1837 1014 1947 1096; x_wconf 88' lang='lat' dir='ltr'><strong>parties</strong></span> <span class='ocrx_word' id='word_1_43' title='bbox 1970 1014 2078 1078; x_wconf 88' lang='lat' dir='ltr'><strong>molles</strong></span> <span class='ocrx_word' id='word_1_44' title='bbox 2100 1015 2153 1098; x_wconf 84' lang='lat' dir='ltr'><strong>qui</strong></span> <span class='ocrx_word' id='word_1_45' title='bbox 2173 1013 2218 1076; x_wconf 87' lang='lat' dir='ltr'><strong>les</strong></span> 
     </span>
    </p>
   </div>
   <div class='ocr_carea' id='block_1_4' title="bbox 578 1136 2224 4544">
    <p class='ocr_par' dir='ltr' id='par_1_4' title="bbox 578 1136 2223 3671">
     <span class='ocr_line' id='line_1_5' title="bbox 630 1136 2219 1218; baseline 0 -18"><span class='ocrx_word' id='word_1_46' title='bbox 630 1144 871 1206; x_wconf 76' lang='lat' dir='ltr'><strong>‚cnvnonnenm</strong></span> <span class='ocrx_word' id='word_1_47' title='bbox 921 1143 1014 1204; x_wconf 89' lang='lat' dir='ltr'><strong>Recte</strong></span> <span class='ocrx_word' id='word_1_48' title='bbox 1037 1141 1119 1203; x_wconf 80' lang='lat' dir='ltr'><strong>addit</strong></span> <span class='ocrx_word' id='word_1_49' title='bbox 1141 1142 1234 1218; x_wconf 88' lang='lat' dir='ltr'><strong>idem,</strong></span> <span class='ocrx_word' id='word_1_50' title='bbox 1264 1159 1327 1202; x_wconf 90' lang='lat' dir='ltr'><strong>non</strong></span> <span class='ocrx_word' id='word_1_51' title='bbox 1349 1147 1445 1204; x_wconf 90' lang='lat' dir='ltr'><strong>totum</strong></span> <span class='ocrx_word' id='word_1_52' title='bbox 1468 1139 1579 1201; x_wconf 91' lang='lat' dir='ltr'><strong>callum</strong></span> <span class='ocrx_word' id='word_1_53' title='bbox 1602 1158 1620 1200; x_wconf 89' lang='lat' dir='ltr'><strong>e</strong></span> <span class='ocrx_word' id='word_1_54' title='bbox 1641 1137 1900 1218; x_wconf 87' lang='lat' dir='ltr'><strong>granulationibus</strong></span> <span class='ocrx_word' id='word_1_55' title='bbox 1923 1137 2011 1214; x_wconf 83' lang='lat' dir='ltr'><strong>oriri,</strong></span> <span class='ocrx_word' id='word_1_56' title='bbox 2041 1136 2095 1201; x_wconf 88' lang='lat' dir='ltr'><strong>sed</strong></span> <span class='ocrx_word' id='word_1_57' title='bbox 2115 1137 2219 1200; x_wconf 87' lang='lat' dir='ltr'><strong>eadem</strong></span> 
     </span>
     <span class='ocr_line' id='line_1_6' title="bbox 625 1261 2220 1346; baseline -0.003 -20"><span class='ocrx_word' id='word_1_58' title='bbox 625 1267 754 1340; x_wconf 90' lang='lat' dir='ltr'><strong>ratione,</strong></span> <span class='ocrx_word' id='word_1_59' title='bbox 784 1271 872 1346; x_wconf 87' lang='lat' dir='ltr'><strong>atquc</strong></span> <span class='ocrx_word' id='word_1_60' title='bbox 902 1265 934 1326; x_wconf 92' lang='lat' dir='ltr'><strong>in</strong></span> <span class='ocrx_word' id='word_1_61' title='bbox 964 1265 1103 1328; x_wconf 88' lang='lat' dir='ltr'><strong>fracturis</strong></span> <span class='ocrx_word' id='word_1_62' title='bbox 1134 1262 1332 1345; x_wconf 90' lang='lat' dir='ltr'><strong>simplicibus,</strong></span> <span class='ocrx_word' id='word_1_63' title='bbox 1364 1263 1517 1326; x_wconf 79' lang='lat' dir='ltr'><strong>obliterari</strong></span> <span class='ocrx_word' id='word_1_64' title='bbox 1541 1263 1677 1326; x_wconf 83' lang='lat' dir='ltr'><strong>canalem</strong></span> <span class='ocrx_word' id='word_1_65' title='bbox 1698 1261 1894 1324; x_wconf 82' lang='lat' dir='ltr'><strong>medullarem</strong></span> <span class='ocrx_word' id='word_1_66' title='bbox 1916 1261 2051 1343; x_wconf 90' lang='lat' dir='ltr'><strong>finesque</strong></span> <span class='ocrx_word' id='word_1_67' title='bbox 2074 1267 2220 1322; x_wconf 73' lang='lat' dir='ltr'><strong>exuemus</strong></span> 
     </span>
     <span class='ocr_line' id='line_1_7' title="bbox 624 1381 2222 1468; baseline -0.003 -18"><span class='ocrx_word' id='word_1_68' title='bbox 624 1389 750 1451; x_wconf 88' lang='lat' dir='ltr'><strong>tumoris</strong></span> <span class='ocrx_word' id='word_1_69' title='bbox 788 1389 858 1450; x_wconf 88' lang='lat' dir='ltr'><strong>calli</strong></span> <span class='ocrx_word' id='word_1_70' title='bbox 888 1388 999 1468; x_wconf 85' lang='lat' dir='ltr'><strong>effingi.</strong></span> <span class='ocrx_word' id='word_1_71' title='bbox 1051 1387 1147 1448; x_wconf 87' lang='lat' dir='ltr'><strong>Etiam</strong></span> <span class='ocrx_word' id='word_1_72' title='bbox 1178 1387 1336 1466; x_wconf 89' lang='lat' dir='ltr'><strong>Mediug</strong></span> <span class='ocrx_word' id='word_1_73' title='bbox 1360 1385 1411 1462; x_wconf 74' lang='grc'><strong>(2)</strong></span> <span class='ocrx_word' id='word_1_74' title='bbox 1442 1387 1626 1468; x_wconf 90' lang='lat' dir='ltr'><strong>compositas</strong></span> <span class='ocrx_word' id='word_1_75' title='bbox 1655 1405 1722 1448; x_wconf 86' lang='lat' dir='ltr'><strong>esse</strong></span> <span class='ocrx_word' id='word_1_76' title='bbox 1752 1383 1998 1448; x_wconf 84' lang='lat' dir='ltr'><strong>commutationes</strong></span> <span class='ocrx_word' id='word_1_77' title='bbox 2027 1383 2060 1444; x_wconf 92' lang='lat' dir='ltr'><strong>iu</strong></span> <span class='ocrx_word' id='word_1_78' title='bbox 2086 1381 2222 1446; x_wconf 71' lang='lat' dir='ltr'><strong>securis</strong></span> 
     </span>
     <span class='ocr_line' id='line_1_8' title="bbox 578 1505 2221 1594; baseline -0.002 -23"><span class='ocrx_word' id='word_1_79' title='bbox 578 1569 588 1594; x_wconf 50' lang='lat'><strong>,</strong></span> <span class='ocrx_word' id='word_1_80' title='bbox 625 1511 812 1592; x_wconf 84' lang='lat' dir='ltr'><strong>complicatis</strong></span> <span class='ocrx_word' id='word_1_81' title='bbox 835 1510 999 1572; x_wconf 86' lang='lat' dir='ltr'><strong>incidentes</strong></span> <span class='ocrx_word' id='word_1_82' title='bbox 1022 1510 1181 1591; x_wconf 87' lang='lat' dir='ltr'><strong>proposuit</strong></span> <span class='ocrx_word' id='word_1_83' title='bbox 1204 1529 1242 1571; x_wconf 83' lang='lat' dir='ltr'><strong>ex</strong></span> <span class='ocrx_word' id='word_1_84' title='bbox 1265 1509 1310 1583; x_wconf 87' lang='lat' dir='ltr'><strong>iis,</strong></span> <span class='ocrx_word' id='word_1_85' title='bbox 1332 1509 1441 1590; x_wconf 92' lang='lat' dir='ltr'><strong>quibus</strong></span> <span class='ocrx_word' id='word_1_86' title='bbox 1463 1510 1564 1572; x_wconf 84' lang='lat' dir='ltr'><strong>laesae</strong></span> <span class='ocrx_word' id='word_1_87' title='bbox 1586 1506 1790 1572; x_wconf 83' lang='lat' dir='ltr'><strong>continuitatis</strong></span> <span class='ocrx_word' id='word_1_88' title='bbox 1813 1507 1919 1570; x_wconf 86' lang='lat' dir='ltr'><strong>existat</strong></span> <span class='ocrx_word' id='word_1_89' title='bbox 1936 1505 2051 1584; x_wconf 89' lang='lat' dir='ltr'><strong>reunio,</strong></span> <span class='ocrx_word' id='word_1_90' title='bbox 2074 1512 2163 1588; x_wconf 86' lang='lat' dir='ltr'><strong>atque</strong></span> <span class='ocrx_word' id='word_1_91' title='bbox 2185 1523 2221 1567; x_wconf 81' lang='lat' dir='ltr'><strong>ex</strong></span> 
     </span>
     <span class='ocr_line' id='line_1_9' title="bbox 625 1627 2222 1715; baseline -0.003 -21"><span class='ocrx_word' id='word_1_92' title='bbox 625 1635 670 1708; x_wconf 91' lang='lat' dir='ltr'><strong>iis,</strong></span> <span class='ocrx_word' id='word_1_93' title='bbox 693 1633 801 1715; x_wconf 93' lang='lat' dir='ltr'><strong>quibus</strong></span> <span class='ocrx_word' id='word_1_94' title='bbox 823 1652 937 1696; x_wconf 81' lang='lat' dir='ltr'><strong>novum</strong></span> <span class='ocrx_word' id='word_1_95' title='bbox 961 1654 996 1696; x_wconf 93' lang='lat' dir='ltr'><strong>os</strong></span> <span class='ocrx_word' id='word_1_96' title='bbox 1019 1639 1089 1713; x_wconf 88' lang='lat' dir='ltr'><strong>post</strong></span> <span class='ocrx_word' id='word_1_97' title='bbox 1111 1632 1252 1695; x_wconf 89' lang='lat' dir='ltr'><strong>necrosin</strong></span> <span class='ocrx_word' id='word_1_98' title='bbox 1275 1634 1419 1711; x_wconf 68' lang='lat' dir='ltr'><strong>fugatum</strong></span> <span class='ocrx_word' id='word_1_99' title='bbox 1440 1651 1538 1714; x_wconf 90' lang='lat' dir='ltr'><strong>neque</strong></span> <span class='ocrx_word' id='word_1_100' title='bbox 1560 1651 1650 1709; x_wconf 88' lang='lat' dir='ltr'><strong>vero,</strong></span> <span class='ocrx_word' id='word_1_101' title='bbox 1679 1631 1777 1714; x_wconf 88' lang='lat' dir='ltr'><strong>qualis</strong></span> <span class='ocrx_word' id='word_1_102' title='bbox 1799 1629 1877 1691; x_wconf 88' lang='lat' dir='ltr'><strong>inter</strong></span> <span class='ocrx_word' id='word_1_103' title='bbox 1897 1635 2039 1711; x_wconf 89' lang='lat' dir='ltr'><strong>utrasque</strong></span> <span class='ocrx_word' id='word_1_104' title='bbox 2059 1627 2222 1690; x_wconf 69' lang='lat' dir='ltr'><strong>intemdat</strong></span> 
     </span>
     <span class='ocr_line' id='line_1_10' title="bbox 626 1751 2221 1835; baseline -0.003 -17"><span class='ocrx_word' id='word_1_105' title='bbox 626 1757 719 1832; x_wconf 91' lang='lat' dir='ltr'><strong>ratio,</strong></span> <span class='ocrx_word' id='word_1_106' title='bbox 751 1756 919 1818; x_wconf 86' lang='lat' dir='ltr'><strong>accuratius</strong></span> <span class='ocrx_word' id='word_1_107' title='bbox 947 1756 1096 1835; x_wconf 81' lang='lat' dir='ltr'><strong>exposuit</strong></span> <span class='ocrx_word' id='word_1_108' title='bbox 1149 1753 1216 1815; x_wconf 90' lang='lat' dir='ltr'><strong>Nec</strong></span> <span class='ocrx_word' id='word_1_109' title='bbox 1247 1754 1345 1816; x_wconf 92' lang='lat' dir='ltr'><strong>miuus</strong></span> <span class='ocrx_word' id='word_1_110' title='bbox 1373 1755 1538 1817; x_wconf 90' lang='lat' dir='ltr'><strong>Kortum</strong></span> <span class='ocrx_word' id='word_1_111' title='bbox 1561 1753 1612 1830; x_wconf 85' lang='grc'><strong>(3)</strong></span> <span class='ocrx_word' id='word_1_112' title='bbox 1642 1753 1672 1815; x_wconf 93' lang='lat' dir='ltr'><strong>in</strong></span> <span class='ocrx_word' id='word_1_113' title='bbox 1696 1753 1810 1817; x_wconf 92' lang='lat' dir='ltr'><strong>ossium</strong></span> <span class='ocrx_word' id='word_1_114' title='bbox 1831 1752 1970 1814; x_wconf 85' lang='lat' dir='ltr'><strong>fracturis</strong></span> <span class='ocrx_word' id='word_1_115' title='bbox 1991 1751 2221 1832; x_wconf 86' lang='lat' dir='ltr'><strong>suppurantibus</strong></span> 
     </span>
     <span class='ocr_line' id='line_1_11' title="bbox 627 1873 2221 1958; baseline -0.003 -18"><span class='ocrx_word' id='word_1_116' title='bbox 627 1898 765 1958; x_wconf 90' lang='lat' dir='ltr'><strong>magnam</strong></span> <span class='ocrx_word' id='word_1_117' title='bbox 796 1885 919 1958; x_wconf 81' lang='lat' dir='ltr'><strong>partem·</strong></span> <span class='ocrx_word' id='word_1_118' title='bbox 941 1877 1012 1938; x_wconf 86' lang='lat' dir='ltr'><strong>calli</strong></span> <span class='ocrx_word' id='word_1_119' title='bbox 1041 1885 1144 1939; x_wconf 76' lang='lat' dir='ltr'><strong>moriat</strong></span> <span class='ocrx_word' id='word_1_120' title='bbox 1171 1877 1298 1958; x_wconf 76' lang='lat' dir='ltr'><strong>lympha</strong></span> <span class='ocrx_word' id='word_1_121' title='bbox 1325 1877 1452 1958; x_wconf 86' lang='lat' dir='ltr'><strong>plastica</strong></span> <span class='ocrx_word' id='word_1_122' title='bbox 1474 1897 1494 1939; x_wconf 88' lang='lat' dir='ltr'><strong>a</strong></span> <span class='ocrx_word' id='word_1_123' title='bbox 1516 1878 1609 1940; x_wconf 86' lang='lat' dir='ltr'><strong>latere</strong></span> <span class='ocrx_word' id='word_1_124' title='bbox 1631 1876 1775 1958; x_wconf 88' lang='lat' dir='ltr'><strong>periostei</strong></span> <span class='ocrx_word' id='word_1_125' title='bbox 1796 1875 1895 1937; x_wconf 89' lang='lat' dir='ltr'><strong>miuus</strong></span> <span class='ocrx_word' id='word_1_126' title='bbox 1917 1873 2026 1936; x_wconf 76' lang='lat' dir='ltr'><strong>affecto</strong></span> <span class='ocrx_word' id='word_1_127' title='bbox 2048 1873 2221 1955; x_wconf 81' lang='lat' dir='ltr'><strong>prosiliente</strong></span> 
     </span>
     <span class='ocr_line' id='line_1_12' title="bbox 628 1995 2221 2083; baseline -0.004 -19"><span class='ocrx_word' id='word_1_128' title='bbox 628 2002 709 2076; x_wconf 89' lang='lat' dir='ltr'><strong>oriri,</strong></span> <span class='ocrx_word' id='word_1_129' title='bbox 732 2001 877 2083; x_wconf 89' lang='lat' dir='ltr'><strong>reliquam</strong></span> <span class='ocrx_word' id='word_1_130' title='bbox 900 2019 917 2061; x_wconf 89' lang='lat' dir='ltr'><strong>e</strong></span> <span class='ocrx_word' id='word_1_131' title='bbox 937 1999 1205 2080; x_wconf 86' lang='lat' dir='ltr'><strong>granrrlationibus.</strong></span> <span class='ocrx_word' id='word_1_132' title='bbox 1250 1999 1350 2077; x_wconf 89' lang='lat' dir='ltr'><strong>Solus,</strong></span> <span class='ocrx_word' id='word_1_133' title='bbox 1373 2000 1455 2082; x_wconf 91' lang='lat' dir='ltr'><strong>quod</strong></span> <span class='ocrx_word' id='word_1_134' title='bbox 1478 2000 1579 2078; x_wconf 89' lang='lat' dir='ltr'><strong>sciam,</strong></span> <span class='ocrx_word' id='word_1_135' title='bbox 1603 1999 1777 2063; x_wconf 88' lang='lat' dir='ltr'><strong>Gendriu</strong></span> <span class='ocrx_word' id='word_1_136' title='bbox 1799 1997 1852 2079; x_wconf 82' lang='lat' dir='ltr'><strong>(l)</strong></span> <span class='ocrx_word' id='word_1_137' title='bbox 1875 1998 2080 2078; x_wconf 83' lang='lat' dir='ltr'><strong>experimenta</strong></span> <span class='ocrx_word' id='word_1_138' title='bbox 2097 1995 2221 2058; x_wconf 78' lang='lat' dir='ltr'><strong>adbam</strong></span> 
     </span>
     <span class='ocr_line' id='line_1_13' title="bbox 628 2119 2221 2205; baseline -0.001 -21"><span class='ocrx_word' id='word_1_139' title='bbox 628 2142 690 2184; x_wconf 87' lang='lat' dir='ltr'><strong>rem</strong></span> <span class='ocrx_word' id='word_1_140' title='bbox 721 2121 943 2184; x_wconf 89' lang='lat' dir='ltr'><strong>dilucidandam</strong></span> <span class='ocrx_word' id='word_1_141' title='bbox 966 2122 1108 2198; x_wconf 66' lang='lat' dir='ltr'><strong>instituite</strong></span> <span class='ocrx_word' id='word_1_142' title='bbox 1136 2123 1188 2204; x_wconf 90' lang='lat' dir='ltr'><strong>qui</strong></span> <span class='ocrx_word' id='word_1_143' title='bbox 1211 2123 1267 2184; x_wconf 90' lang='lat' dir='ltr'><strong>bac</strong></span> <span class='ocrx_word' id='word_1_144' title='bbox 1290 2124 1406 2185; x_wconf 89' lang='lat' dir='ltr'><strong>ratione</strong></span> <span class='ocrx_word' id='word_1_145' title='bbox 1429 2123 1637 2200; x_wconf 86' lang='lat' dir='ltr'><strong>infracturis,</strong></span> <span class='ocrx_word' id='word_1_146' title='bbox 1668 2121 1837 2205; x_wconf 90' lang='lat' dir='ltr'><strong>dequibus</strong></span> <span class='ocrx_word' id='word_1_147' title='bbox 1859 2121 1946 2198; x_wconf 89' lang='lat' dir='ltr'><strong>dico,</strong></span> <span class='ocrx_word' id='word_1_148' title='bbox 1973 2139 2038 2183; x_wconf 90' lang='lat' dir='ltr'><strong>rem</strong></span> <span class='ocrx_word' id='word_1_149' title='bbox 2058 2119 2221 2202; x_wconf 75' lang='lat' dir='ltr'><strong>procedere</strong></span> 
     </span>
     <span class='ocr_line' id='line_1_14' title="bbox 626 2242 2221 2328; baseline -0.001 -22"><span class='ocrx_word' id='word_1_150' title='bbox 626 2252 742 2306; x_wconf 90' lang='lat' dir='ltr'><strong>narrat:</strong></span> <span class='ocrx_word' id='word_1_151' title='bbox 772 2245 874 2325; x_wconf 90' lang='lat' dir='ltr'><strong>primis</strong></span> <span class='ocrx_word' id='word_1_152' title='bbox 905 2244 1010 2306; x_wconf 89' lang='lat' dir='ltr'><strong>diebus</strong></span> <span class='ocrx_word' id='word_1_153' title='bbox 1039 2245 1150 2306; x_wconf 91' lang='lat' dir='ltr'><strong>vulnus</strong></span> <span class='ocrx_word' id='word_1_154' title='bbox 1178 2246 1307 2324; x_wconf 91' lang='lat' dir='ltr'><strong>partium</strong></span> <span class='ocrx_word' id='word_1_155' title='bbox 1339 2246 1476 2309; x_wconf 86' lang='lat' dir='ltr'><strong>mollium</strong></span> <span class='ocrx_word' id='word_1_156' title='bbox 1507 2245 1768 2328; x_wconf 87' lang='lat' dir='ltr'><strong>granulationibus</strong></span> <span class='ocrx_word' id='word_1_157' title='bbox 1797 2243 2029 2325; x_wconf 89' lang='lat' dir='ltr'><strong>suppurantibus</strong></span> <span class='ocrx_word' id='word_1_158' title='bbox 2060 2242 2221 2324; x_wconf 67' lang='lat' dir='ltr'><strong>obtegam</strong></span> 
     </span>
     <span class='ocr_line' id='line_1_15' title="bbox 629 2366 2222 2449; baseline -0.001 -20"><span class='ocrx_word' id='word_1_159' title='bbox 629 2367 761 2429; x_wconf 87' lang='lat' dir='ltr'><strong>medulla</strong></span> <span class='ocrx_word' id='word_1_160' title='bbox 788 2368 948 2429; x_wconf 83' lang='lat' dir='ltr'><strong>tumefacta</strong></span> <span class='ocrx_word' id='word_1_161' title='bbox 976 2385 1014 2428; x_wconf 86' lang='lat' dir='ltr'><strong>ex</strong></span> <span class='ocrx_word' id='word_1_162' title='bbox 1044 2366 1154 2430; x_wconf 88' lang='lat' dir='ltr'><strong>finibus</strong></span> <span class='ocrx_word' id='word_1_163' title='bbox 1183 2368 1417 2446; x_wconf 77' lang='lat' dir='ltr'><strong>fragmentorum</strong></span> <span class='ocrx_word' id='word_1_164' title='bbox 1446 2369 1632 2449; x_wconf 66' lang='lat' dir='ltr'><strong>prorumpite</strong></span> <span class='ocrx_word' id='word_1_165' title='bbox 1664 2368 1769 2431; x_wconf 94' lang='lat' dir='ltr'><strong>diebus</strong></span> <span class='ocrx_word' id='word_1_166' title='bbox 1796 2373 1867 2448; x_wconf 90' lang='lat' dir='ltr'><strong>post</strong></span> <span class='ocrx_word' id='word_1_167' title='bbox 1894 2374 2030 2430; x_wconf 84' lang='lat' dir='ltr'><strong>exortam</strong></span> <span class='ocrx_word' id='word_1_168' title='bbox 2064 2367 2222 2429; x_wconf 79' lang='lat' dir='ltr'><strong>fraemram</strong></span> 
     </span>
     <span class='ocr_line' id='line_1_16' title="bbox 626 2489 2222 2572; baseline 0 -20"><span class='ocrx_word' id='word_1_169' title='bbox 626 2491 795 2572; x_wconf 89' lang='lat' dir='ltr'><strong>quindecim</strong></span> <span class='ocrx_word' id='word_1_170' title='bbox 818 2490 849 2550; x_wconf 91' lang='lat' dir='ltr'><strong>bi</strong></span> <span class='ocrx_word' id='word_1_171' title='bbox 870 2490 946 2552; x_wconf 87' lang='lat' dir='ltr'><strong>fines</strong></span> <span class='ocrx_word' id='word_1_172' title='bbox 970 2489 1125 2552; x_wconf 88' lang='lat' dir='ltr'><strong>manifeste</strong></span> <span class='ocrx_word' id='word_1_173' title='bbox 1144 2490 1208 2570; x_wconf 88' lang='lat' dir='ltr'><strong>jam</strong></span> <span class='ocrx_word' id='word_1_174' title='bbox 1232 2490 1401 2553; x_wconf 88' lang='lat' dir='ltr'><strong>emolliti</strong></span> <span class='ocrx_word' id='word_1_175' title='bbox 1424 2499 1453 2551; x_wconf 85' lang='lat' dir='ltr'><strong>et</strong></span> <span class='ocrx_word' id='word_1_176' title='bbox 1474 2490 1615 2554; x_wconf 90' lang='lat' dir='ltr'><strong>tumidi</strong></span> <span class='ocrx_word' id='word_1_177' title='bbox 1636 2497 1798 2572; x_wconf 89' lang='lat' dir='ltr'><strong>apparent,</strong></span> <span class='ocrx_word' id='word_1_178' title='bbox 1827 2497 1856 2554; x_wconf 86' lang='lat' dir='ltr'><strong>ct</strong></span> <span class='ocrx_word' id='word_1_179' title='bbox 1877 2509 1984 2556; x_wconf 86' lang='lat' dir='ltr'><strong>versus</strong></span> <span class='ocrx_word' id='word_1_180' title='bbox 2005 2489 2085 2552; x_wconf 71' lang='lat' dir='ltr'><strong>dem</strong></span> <span class='ocrx_word' id='word_1_181' title='bbox 2118 2489 2222 2552; x_wconf 55' lang='lat' dir='ltr'><strong>vicas-</strong></span> 
     </span>
     <span class='ocr_line' id='line_1_17' title="bbox 628 2611 2221 2695; baseline -0.001 -19"><span class='ocrx_word' id='word_1_182' title='bbox 628 2633 709 2676; x_wconf 89' lang='lat' dir='ltr'><strong>mum</strong></span> <span class='ocrx_word' id='word_1_183' title='bbox 732 2613 868 2695; x_wconf 88' lang='lat' dir='ltr'><strong>quintum</strong></span> <span class='ocrx_word' id='word_1_184' title='bbox 891 2612 1057 2674; x_wconf 71' lang='lat' dir='ltr'><strong>eorundem</strong></span> <span class='ocrx_word' id='word_1_185' title='bbox 1080 2612 1255 2692; x_wconf 88' lang='lat' dir='ltr'><strong>superficies</strong></span> <span class='ocrx_word' id='word_1_186' title='bbox 1278 2613 1310 2675; x_wconf 90' lang='lat' dir='ltr'><strong>in</strong></span> <span class='ocrx_word' id='word_1_187' title='bbox 1333 2613 1422 2674; x_wconf 88' lang='lat' dir='ltr'><strong>telam</strong></span> <span class='ocrx_word' id='word_1_188' title='bbox 1445 2613 1657 2691; x_wconf 86' lang='lat' dir='ltr'><strong>rubicundam,</strong></span> <span class='ocrx_word' id='word_1_189' title='bbox 1680 2613 1752 2676; x_wconf 89' lang='lat' dir='ltr'><strong>satis</strong></span> <span class='ocrx_word' id='word_1_190' title='bbox 1775 2614 1914 2693; x_wconf 88' lang='lat' dir='ltr'><strong>densam,</strong></span> <span class='ocrx_word' id='word_1_191' title='bbox 1936 2613 1969 2676; x_wconf 89' lang='lat' dir='ltr'><strong>iu</strong></span> <span class='ocrx_word' id='word_1_192' title='bbox 1990 2612 2071 2674; x_wconf 88' lang='lat' dir='ltr'><strong>labia</strong></span> <span class='ocrx_word' id='word_1_193' title='bbox 2091 2611 2221 2675; x_wconf 85' lang='lat' dir='ltr'><strong>vulneris</strong></span> 
     </span>
     <span class='ocr_line' id='line_1_18' title="bbox 627 2735 2222 2817; baseline 0 -19"><span class='ocrx_word' id='word_1_194' title='bbox 627 2735 785 2817; x_wconf 89' lang='lat' dir='ltr'><strong>paullatim</strong></span> <span class='ocrx_word' id='word_1_195' title='bbox 813 2743 1032 2811; x_wconf 73' lang='lat' dir='ltr'><strong>nauseantem,</strong></span> <span class='ocrx_word' id='word_1_196' title='bbox 1066 2741 1248 2800; x_wconf 83' lang='lat' dir='ltr'><strong>commutata</strong></span> <span class='ocrx_word' id='word_1_197' title='bbox 1282 2743 1312 2800; x_wconf 89' lang='lat' dir='ltr'><strong>at</strong></span> <span class='ocrx_word' id='word_1_198' title='bbox 1341 2736 1601 2816; x_wconf 88' lang='lat' dir='ltr'><strong>granulationibus</strong></span> <span class='ocrx_word' id='word_1_199' title='bbox 1629 2737 1748 2802; x_wconf 83' lang='lat' dir='ltr'><strong>obtecta</strong></span> <span class='ocrx_word' id='word_1_200' title='bbox 1777 2744 1832 2802; x_wconf 76' lang='lat' dir='ltr'><strong>est.</strong></span> <span class='ocrx_word' id='word_1_201' title='bbox 1885 2736 2032 2800; x_wconf 85' lang='lat' dir='ltr'><strong>Omnibus</strong></span> <span class='ocrx_word' id='word_1_202' title='bbox 2060 2736 2152 2816; x_wconf 82' lang='lat' dir='ltr'><strong>igimr</strong></span> <span class='ocrx_word' id='word_1_203' title='bbox 2180 2735 2222 2798; x_wconf 82' lang='lat' dir='ltr'><strong>bis</strong></span> 
     </span>
     <span class='ocr_line' id='line_1_19' title="bbox 627 2859 2221 2941; baseline 0.001 -19"><span class='ocrx_word' id='word_1_204' title='bbox 627 2859 762 2940; x_wconf 86' lang='lat' dir='ltr'><strong>partibus</strong></span> <span class='ocrx_word' id='word_1_205' title='bbox 785 2860 863 2924; x_wconf 87' lang='lat' dir='ltr'><strong>inter</strong></span> <span class='ocrx_word' id='word_1_206' title='bbox 884 2879 918 2924; x_wconf 89' lang='lat' dir='ltr'><strong>se</strong></span> <span class='ocrx_word' id='word_1_207' title='bbox 941 2859 1133 2936; x_wconf 68' lang='lat' dir='ltr'><strong>coeuntibus,</strong></span> <span class='ocrx_word' id='word_1_208' title='bbox 1161 2859 1227 2940; x_wconf 87' lang='lat' dir='ltr'><strong>ipsa</strong></span> <span class='ocrx_word' id='word_1_209' title='bbox 1249 2879 1320 2940; x_wconf 88' lang='lat' dir='ltr'><strong>pars</strong></span> <span class='ocrx_word' id='word_1_210' title='bbox 1341 2859 1482 2936; x_wconf 88' lang='lat' dir='ltr'><strong>infracta,</strong></span> <span class='ocrx_word' id='word_1_211' title='bbox 1503 2867 1538 2924; x_wconf 91' lang='lat' dir='ltr'><strong>ut</strong></span> <span class='ocrx_word' id='word_1_212' title='bbox 1558 2861 1591 2924; x_wconf 95' lang='lat' dir='ltr'><strong>in</strong></span> <span class='ocrx_word' id='word_1_213' title='bbox 1613 2859 1752 2924; x_wconf 85' lang='lat' dir='ltr'><strong>fracturis</strong></span> <span class='ocrx_word' id='word_1_214' title='bbox 1775 2859 1976 2941; x_wconf 76' lang='lat' dir='ltr'><strong>simplicibus,</strong></span> <span class='ocrx_word' id='word_1_215' title='bbox 2003 2867 2122 2926; x_wconf 73' lang='lat' dir='ltr'><strong>minore</strong></span> <span class='ocrx_word' id='word_1_216' title='bbox 2144 2859 2221 2924; x_wconf 85' lang='lat' dir='ltr'><strong>rubi·</strong></span> 
     </span>
     <span class='ocr_line' id='line_1_20' title="bbox 627 2981 2221 3064; baseline 0 -18"><span class='ocrx_word' id='word_1_217' title='bbox 627 2984 739 3060; x_wconf 90' lang='lat' dir='ltr'><strong>cundo,</strong></span> <span class='ocrx_word' id='word_1_218' title='bbox 762 2983 1041 3048; x_wconf 82' lang='lat' dir='ltr'><strong>celluloso·bbroso</strong></span> <span class='ocrx_word' id='word_1_219' title='bbox 1064 2981 1247 3060; x_wconf 87' lang='lat' dir='ltr'><strong>circumdata</strong></span> <span class='ocrx_word' id='word_1_220' title='bbox 1269 2989 1410 3063; x_wconf 72' lang='lat' dir='ltr'><strong>apparett</strong></span> <span class='ocrx_word' id='word_1_221' title='bbox 1434 2984 1511 3046; x_wconf 89' lang='lat' dir='ltr'><strong>iuter</strong></span> <span class='ocrx_word' id='word_1_222' title='bbox 1533 2984 1599 3063; x_wconf 91' lang='lat' dir='ltr'><strong>ipsa</strong></span> <span class='ocrx_word' id='word_1_223' title='bbox 1621 2985 1786 3063; x_wconf 85' lang='lat' dir='ltr'><strong>fragmenta</strong></span> <span class='ocrx_word' id='word_1_224' title='bbox 1807 2983 1974 3047; x_wconf 86' lang='lat' dir='ltr'><strong>substantia</strong></span> <span class='ocrx_word' id='word_1_225' title='bbox 1995 2983 2145 3064; x_wconf 81' lang='lat' dir='ltr'><strong>reperimr</strong></span> <span class='ocrx_word' id='word_1_226' title='bbox 2159 3001 2221 3046; x_wconf 86' lang='lat' dir='ltr'><strong>car·</strong></span> 
     </span>
     <span class='ocr_line' id='line_1_21' title="bbox 629 3103 2222 3188; baseline 0.003 -22"><span class='ocrx_word' id='word_1_227' title='bbox 629 3105 784 3182; x_wconf 85' lang='lat' dir='ltr'><strong>tilagiuca,</strong></span> <span class='ocrx_word' id='word_1_228' title='bbox 814 3104 927 3168; x_wconf 88' lang='lat' dir='ltr'><strong>coloris</strong></span> <span class='ocrx_word' id='word_1_229' title='bbox 955 3105 1051 3180; x_wconf 88' lang='lat' dir='ltr'><strong>rosei,</strong></span> <span class='ocrx_word' id='word_1_230' title='bbox 1079 3105 1112 3166; x_wconf 92' lang='lat' dir='ltr'><strong>in</strong></span> <span class='ocrx_word' id='word_1_231' title='bbox 1141 3103 1303 3166; x_wconf 83' lang='lat' dir='ltr'><strong>medullam</strong></span> <span class='ocrx_word' id='word_1_232' title='bbox 1328 3105 1485 3168; x_wconf 86' lang='lat' dir='ltr'><strong>transiens.</strong></span> <span class='ocrx_word' id='word_1_233' title='bbox 1529 3105 1711 3185; x_wconf 88' lang='lat' dir='ltr'><strong>Superlicies</strong></span> <span class='ocrx_word' id='word_1_234' title='bbox 1734 3107 1968 3186; x_wconf 77' lang='lat' dir='ltr'><strong>fragmentorum</strong></span> <span class='ocrx_word' id='word_1_235' title='bbox 1990 3107 2151 3170; x_wconf 65' lang='lat' dir='ltr'><strong>cammada</strong></span> <span class='ocrx_word' id='word_1_236' title='bbox 2171 3125 2222 3188; x_wconf 87' lang='lat' dir='ltr'><strong>per</strong></span> 
     </span>
     <span class='ocr_line' id='line_1_22' title="bbox 629 3224 2223 3310; baseline 0.003 -22"><span class='ocrx_word' id='word_1_237' title='bbox 629 3224 758 3305; x_wconf 84' lang='lat' dir='ltr'><strong>papillas</strong></span> <span class='ocrx_word' id='word_1_238' title='bbox 781 3225 921 3306; x_wconf 80' lang='lat' dir='ltr'><strong>exiguas,</strong></span> <span class='ocrx_word' id='word_1_239' title='bbox 944 3227 1167 3306; x_wconf 85' lang='lat' dir='ltr'><strong>cartilagiuaas,</strong></span> <span class='ocrx_word' id='word_1_240' title='bbox 1189 3248 1257 3290; x_wconf 91' lang='lat' dir='ltr'><strong>cum</strong></span> <span class='ocrx_word' id='word_1_241' title='bbox 1280 3228 1449 3308; x_wconf 87' lang='lat' dir='ltr'><strong>periosteo‚</strong></span> <span class='ocrx_word' id='word_1_242' title='bbox 1472 3229 1633 3292; x_wconf 91' lang='lat' dir='ltr'><strong>tumefacto</strong></span> <span class='ocrx_word' id='word_1_243' title='bbox 1656 3235 1687 3292; x_wconf 87' lang='lat' dir='ltr'><strong>ct</strong></span> <span class='ocrx_word' id='word_1_244' title='bbox 1707 3229 1786 3310; x_wconf 88' lang='lat' dir='ltr'><strong>ipso,</strong></span> <span class='ocrx_word' id='word_1_245' title='bbox 1808 3229 1916 3292; x_wconf 87' lang='lat' dir='ltr'><strong>eodem</strong></span> <span class='ocrx_word' id='word_1_246' title='bbox 1937 3237 2075 3310; x_wconf 83' lang='lat' dir='ltr'><strong>tempora</strong></span> <span class='ocrx_word' id='word_1_247' title='bbox 2098 3237 2223 3294; x_wconf 86' lang='lat' dir='ltr'><strong>connata</strong></span> 
     </span>
     <span class='ocr_line' id='line_1_23' title="bbox 629 3349 2223 3434; baseline 0.004 -24"><span class='ocrx_word' id='word_1_248' title='bbox 629 3349 827 3427; x_wconf 71' lang='lat' dir='ltr'><strong>conspiciturp</strong></span> <span class='ocrx_word' id='word_1_249' title='bbox 848 3355 943 3412; x_wconf 87' lang='lat' dir='ltr'><strong>strata</strong></span> <span class='ocrx_word' id='word_1_250' title='bbox 963 3350 1107 3414; x_wconf 89' lang='lat' dir='ltr'><strong>interiora</strong></span> <span class='ocrx_word' id='word_1_251' title='bbox 1129 3351 1264 3424; x_wconf 67' lang='lat' dir='ltr'><strong>bimaris</strong></span> <span class='ocrx_word' id='word_1_252' title='bbox 1287 3371 1375 3432; x_wconf 90' lang='lat' dir='ltr'><strong>quern</strong></span> <span class='ocrx_word' id='word_1_253' title='bbox 1399 3351 1469 3428; x_wconf 85' lang='lat' dir='ltr'><strong>dixi,</strong></span> <span class='ocrx_word' id='word_1_254' title='bbox 1491 3353 1602 3415; x_wconf 89' lang='lat' dir='ltr'><strong>sensim</strong></span> <span class='ocrx_word' id='word_1_255' title='bbox 1625 3353 1795 3434; x_wconf 85' lang='lat' dir='ltr'><strong>sensimque</strong></span> <span class='ocrx_word' id='word_1_256' title='bbox 1816 3353 1910 3434; x_wconf 84' lang='lat' dir='ltr'><strong>magis</strong></span> <span class='ocrx_word' id='word_1_257' title='bbox 1933 3353 2034 3414; x_wconf 91' lang='lat' dir='ltr'><strong>albida</strong></span> <span class='ocrx_word' id='word_1_258' title='bbox 2043 3353 2128 3431; x_wconf 79' lang='lat' dir='ltr'><strong>bunt,</strong></span> <span class='ocrx_word' id='word_1_259' title='bbox 2150 3372 2223 3434; x_wconf 90' lang='lat' dir='ltr'><strong>puu-</strong></span> 
     </span>
     <span class='ocr_line' id='line_1_24' title="bbox 630 3469 2222 3558; baseline 0.006 -26"><span class='ocrx_word' id='word_1_260' title='bbox 630 3475 737 3550; x_wconf 80' lang='lat' dir='ltr'><strong>ctaque</strong></span> <span class='ocrx_word' id='word_1_261' title='bbox 759 3469 791 3532; x_wconf 89' lang='lat' dir='ltr'><strong>iu</strong></span> <span class='ocrx_word' id='word_1_262' title='bbox 813 3469 850 3534; x_wconf 90' lang='lat' dir='ltr'><strong>iis</strong></span> <span class='ocrx_word' id='word_1_263' title='bbox 873 3489 962 3534; x_wconf 85' lang='lat' dir='ltr'><strong>ossea</strong></span> <span class='ocrx_word' id='word_1_264' title='bbox 984 3473 1123 3547; x_wconf 81' lang='lat' dir='ltr'><strong>existunt,</strong></span> <span class='ocrx_word' id='word_1_265' title='bbox 1145 3473 1332 3554; x_wconf 84' lang='lat' dir='ltr'><strong>tandemque,</strong></span> <span class='ocrx_word' id='word_1_266' title='bbox 1354 3473 1408 3535; x_wconf 90' lang='lat' dir='ltr'><strong>sed</strong></span> <span class='ocrx_word' id='word_1_267' title='bbox 1432 3483 1494 3536; x_wconf 86' lang='lat' dir='ltr'><strong>tum</strong></span> <span class='ocrx_word' id='word_1_268' title='bbox 1517 3477 1645 3552; x_wconf 81' lang='lat' dir='ltr'><strong>demum,</strong></span> <span class='ocrx_word' id='word_1_269' title='bbox 1668 3495 1759 3558; x_wconf 88' lang='lat' dir='ltr'><strong>quum</strong></span> <span class='ocrx_word' id='word_1_270' title='bbox 1782 3481 1939 3540; x_wconf 80' lang='lat' dir='ltr'><strong>externum</strong></span> <span class='ocrx_word' id='word_1_271' title='bbox 1961 3475 2071 3539; x_wconf 82' lang='lat' dir='ltr'><strong>vulnus</strong></span> <span class='ocrx_word' id='word_1_272' title='bbox 2093 3476 2126 3540; x_wconf 91' lang='lat' dir='ltr'><strong>in</strong></span> <span class='ocrx_word' id='word_1_273' title='bbox 2148 3477 2222 3540; x_wconf 65' lang='lat' dir='ltr'><strong>cicc</strong></span> 
     </span>
     <span class='ocr_line' id='line_1_25' title="bbox 629 3593 1519 3671; baseline 0.002 -15"><span class='ocrx_word' id='word_1_274' title='bbox 629 3593 734 3656; x_wconf 85' lang='lat' dir='ltr'><strong>tricem</strong></span> <span class='ocrx_word' id='word_1_275' title='bbox 756 3593 836 3671; x_wconf 85' lang='lat' dir='ltr'><strong>abiit,</strong></span> <span class='ocrx_word' id='word_1_276' title='bbox 858 3593 890 3655; x_wconf 94' lang='lat' dir='ltr'><strong>in</strong></span> <span class='ocrx_word' id='word_1_277' title='bbox 912 3611 1033 3658; x_wconf 84' lang='lat' dir='ltr'><strong>osseam</strong></span> <span class='ocrx_word' id='word_1_278' title='bbox 1054 3594 1248 3658; x_wconf 81' lang='lat' dir='ltr'><strong>substantiam</strong></span> <span class='ocrx_word' id='word_1_279' title='bbox 1271 3601 1336 3658; x_wconf 83' lang='lat' dir='ltr'><strong>tuta</strong></span> <span class='ocrx_word' id='word_1_280' title='bbox 1358 3603 1519 3658; x_wconf 88' lang='lat' dir='ltr'><strong>mutantur.</strong></span> 
     </span>
    </p>

    <p class='ocr_par' dir='ltr' id='par_1_5' title="bbox 627 3717 2224 4544">
     <span class='ocr_line' id='line_1_26' title="bbox 788 3717 2224 3800; baseline 0.004 -20"><span class='ocrx_word' id='word_1_281' title='bbox 788 3719 874 3780; x_wconf 85' lang='lat' dir='ltr'><strong>llaec</strong></span> <span class='ocrx_word' id='word_1_282' title='bbox 895 3717 1066 3800; x_wconf 81' lang='lat' dir='ltr'><strong>descriptio,</strong></span> <span class='ocrx_word' id='word_1_283' title='bbox 1090 3736 1168 3800; x_wconf 86' lang='lat' dir='ltr'><strong>quae</strong></span> <span class='ocrx_word' id='word_1_284' title='bbox 1190 3719 1221 3780; x_wconf 92' lang='lat' dir='ltr'><strong>in</strong></span> <span class='ocrx_word' id='word_1_285' title='bbox 1243 3719 1415 3783; x_wconf 86' lang='lat' dir='ltr'><strong>uuiversum</strong></span> <span class='ocrx_word' id='word_1_286' title='bbox 1438 3721 1570 3784; x_wconf 72' lang='lat' dir='ltr'><strong>canduit</strong></span> <span class='ocrx_word' id='word_1_287' title='bbox 1592 3741 1659 3784; x_wconf 80' lang='lat' dir='ltr'><strong>carm</strong></span> <span class='ocrx_word' id='word_1_288' title='bbox 1683 3722 1819 3784; x_wconf 82' lang='lat' dir='ltr'><strong>doctrina</strong></span> <span class='ocrx_word' id='word_1_289' title='bbox 1840 3723 1879 3784; x_wconf 90' lang='lat' dir='ltr'><strong>de</strong></span> <span class='ocrx_word' id='word_1_290' title='bbox 1901 3723 2080 3786; x_wconf 80' lang='lat' dir='ltr'><strong>formatione</strong></span> <span class='ocrx_word' id='word_1_291' title='bbox 2102 3723 2224 3788; x_wconf 81' lang='lat' dir='ltr'><strong>ealliiu</strong></span> 
     </span>
     <span class='ocr_line' id='line_1_27' title="bbox 627 3841 2224 3926; baseline 0.007 -25"><span class='ocrx_word' id='word_1_292' title='bbox 627 3841 766 3904; x_wconf 85' lang='lat' dir='ltr'><strong>fracturis</strong></span> <span class='ocrx_word' id='word_1_293' title='bbox 793 3841 978 3922; x_wconf 88' lang='lat' dir='ltr'><strong>simplicibus</strong></span> <span class='ocrx_word' id='word_1_294' title='bbox 1006 3841 1043 3902; x_wconf 89' lang='lat' dir='ltr'><strong>ab</strong></span> <span class='ocrx_word' id='word_1_295' title='bbox 1073 3842 1181 3905; x_wconf 88' lang='lat' dir='ltr'><strong>eodem</strong></span> <span class='ocrx_word' id='word_1_296' title='bbox 1203 3849 1327 3906; x_wconf 89' lang='lat' dir='ltr'><strong>auctore</strong></span> <span class='ocrx_word' id='word_1_297' title='bbox 1350 3843 1519 3925; x_wconf 90' lang='lat' dir='ltr'><strong>proposita,</strong></span> <span class='ocrx_word' id='word_1_298' title='bbox 1549 3852 1580 3907; x_wconf 89' lang='lat' dir='ltr'><strong>at</strong></span> <span class='ocrx_word' id='word_1_299' title='bbox 1602 3846 1738 3908; x_wconf 80' lang='lat' dir='ltr'><strong>fortassis</strong></span> <span class='ocrx_word' id='word_1_300' title='bbox 1760 3863 1798 3907; x_wconf 86' lang='lat' dir='ltr'><strong>ex</strong></span> <span class='ocrx_word' id='word_1_301' title='bbox 1821 3853 1907 3926; x_wconf 85' lang='lat' dir='ltr'><strong>parte</strong></span> <span class='ocrx_word' id='word_1_302' title='bbox 1928 3846 2020 3926; x_wconf 88' lang='lat' dir='ltr'><strong>petita</strong></span> <span class='ocrx_word' id='word_1_303' title='bbox 2041 3853 2088 3910; x_wconf 87' lang='lat' dir='ltr'><strong>est</strong></span> <span class='ocrx_word' id='word_1_304' title='bbox 2110 3865 2148 3909; x_wconf 88' lang='lat' dir='ltr'><strong>ex</strong></span> <span class='ocrx_word' id='word_1_305' title='bbox 2170 3849 2224 3912; x_wconf 87' lang='lat' dir='ltr'><strong>bac</strong></span> 
     </span>
     <span class='ocr_line' id='line_1_28' title="bbox 629 3960 2224 4048; baseline 0.009 -27"><span class='ocrx_word' id='word_1_306' title='bbox 629 3960 779 4036; x_wconf 86' lang='lat' dir='ltr'><strong>doctrina,</strong></span> <span class='ocrx_word' id='word_1_307' title='bbox 809 3973 871 4024; x_wconf 88' lang='lat' dir='ltr'><strong>nou</strong></span> <span class='ocrx_word' id='word_1_308' title='bbox 900 3965 1040 4026; x_wconf 87' lang='lat' dir='ltr'><strong>sufficere</strong></span> <span class='ocrx_word' id='word_1_309' title='bbox 1069 3966 1141 4026; x_wconf 89' lang='lat' dir='ltr'><strong>mibi</strong></span> <span class='ocrx_word' id='word_1_310' title='bbox 1163 3966 1321 4029; x_wconf 89' lang='lat' dir='ltr'><strong>videbatur</strong></span> <span class='ocrx_word' id='word_1_311' title='bbox 1343 3968 1381 4028; x_wconf 90' lang='lat' dir='ltr'><strong>ad</strong></span> <span class='ocrx_word' id='word_1_312' title='bbox 1405 3968 1523 4046; x_wconf 83' lang='lat' dir='ltr'><strong>penitus</strong></span> <span class='ocrx_word' id='word_1_313' title='bbox 1545 3968 1769 4048; x_wconf 81' lang='lat' dir='ltr'><strong>intelligendam</strong></span> <span class='ocrx_word' id='word_1_314' title='bbox 1793 3987 1891 4033; x_wconf 81' lang='lat' dir='ltr'><strong>novae</strong></span> <span class='ocrx_word' id='word_1_315' title='bbox 1912 3969 2096 4034; x_wconf 86' lang='lat' dir='ltr'><strong>substantiae</strong></span> <span class='ocrx_word' id='word_1_316' title='bbox 2118 3989 2224 4036; x_wconf 86' lang='lat' dir='ltr'><strong>osseae</strong></span> 
     </span>
     <span class='ocr_line' id='line_1_29' title="bbox 629 4083 2223 4177; baseline 0.009 -33"><span class='ocrx_word' id='word_1_317' title='bbox 629 4083 838 4146; x_wconf 86' lang='lat' dir='ltr'><strong>formationem</strong></span> <span class='ocrx_word' id='word_1_318' title='bbox 866 4084 1083 4166; x_wconf 84' lang='lat' dir='ltr'><strong>rationemque,</strong></span> <span class='ocrx_word' id='word_1_319' title='bbox 1114 4106 1192 4169; x_wconf 86' lang='lat' dir='ltr'><strong>quae</strong></span> <span class='ocrx_word' id='word_1_320' title='bbox 1223 4088 1301 4152; x_wconf 90' lang='lat' dir='ltr'><strong>iuter</strong></span> <span class='ocrx_word' id='word_1_321' title='bbox 1323 4091 1401 4151; x_wconf 75' lang='lat' dir='ltr'><strong>lianc</strong></span> <span class='ocrx_word' id='word_1_322' title='bbox 1429 4097 1518 4171; x_wconf 88' lang='lat' dir='ltr'><strong>atque</strong></span> <span class='ocrx_word' id='word_1_323' title='bbox 1540 4097 1627 4154; x_wconf 88' lang='lat' dir='ltr'><strong>vetus</strong></span> <span class='ocrx_word' id='word_1_324' title='bbox 1650 4111 1686 4153; x_wconf 89' lang='lat' dir='ltr'><strong>os</strong></span> <span class='ocrx_word' id='word_1_325' title='bbox 1708 4092 1881 4156; x_wconf 75' lang='lat' dir='ltr'><strong>intercedat.</strong></span> <span class='ocrx_word' id='word_1_326' title='bbox 1925 4093 1971 4156; x_wconf 88' lang='lat' dir='ltr'><strong>lta</strong></span> <span class='ocrx_word' id='word_1_327' title='bbox 1991 4101 2149 4174; x_wconf 83' lang='lat' dir='ltr'><strong>praeterea</strong></span> <span class='ocrx_word' id='word_1_328' title='bbox 2169 4116 2223 4177; x_wconf 91' lang='lat' dir='ltr'><strong>pu·</strong></span> 
     </span>
     <span class='ocr_line' id='line_1_30' title="bbox 628 4205 2223 4297; baseline 0.011 -32"><span class='ocrx_word' id='word_1_329' title='bbox 628 4205 739 4284; x_wconf 90' lang='lat' dir='ltr'><strong>gnabat</strong></span> <span class='ocrx_word' id='word_1_330' title='bbox 760 4207 812 4284; x_wconf 88' lang='lat' dir='ltr'><strong>iis,</strong></span> <span class='ocrx_word' id='word_1_331' title='bbox 835 4227 912 4289; x_wconf 82' lang='lat' dir='ltr'><strong>puae</strong></span> <span class='ocrx_word' id='word_1_332' title='bbox 934 4208 965 4270; x_wconf 86' lang='lat' dir='ltr'><strong>iu</strong></span> <span class='ocrx_word' id='word_1_333' title='bbox 982 4208 1127 4271; x_wconf 45' lang='lat' dir='ltr'><strong>*uacmris</strong></span> <span class='ocrx_word' id='word_1_334' title='bbox 1150 4209 1335 4291; x_wconf 88' lang='lat' dir='ltr'><strong>simplicibus</strong></span> <span class='ocrx_word' id='word_1_335' title='bbox 1358 4211 1560 4289; x_wconf 76' lang='lat' dir='ltr'><strong>observarem,</strong></span> <span class='ocrx_word' id='word_1_336' title='bbox 1582 4221 1616 4275; x_wconf 93' lang='lat' dir='ltr'><strong>ut</strong></span> <span class='ocrx_word' id='word_1_337' title='bbox 1638 4213 1669 4276; x_wconf 88' lang='lat' dir='ltr'><strong>iu</strong></span> <span class='ocrx_word' id='word_1_338' title='bbox 1691 4216 1747 4278; x_wconf 89' lang='lat' dir='ltr'><strong>bac</strong></span> <span class='ocrx_word' id='word_1_339' title='bbox 1770 4235 1891 4297; x_wconf 85' lang='lat' dir='ltr'><strong>quoque</strong></span> <span class='ocrx_word' id='word_1_340' title='bbox 1915 4234 1948 4278; x_wconf 88' lang='lat' dir='ltr'><strong>re</strong></span> <span class='ocrx_word' id='word_1_341' title='bbox 1970 4216 2067 4296; x_wconf 85' lang='lat' dir='ltr'><strong>ipsam</strong></span> <span class='ocrx_word' id='word_1_342' title='bbox 2088 4227 2223 4282; x_wconf 86' lang='lat' dir='ltr'><strong>naturam</strong></span> 
     </span>
     <span class='ocr_line' id='line_1_31' title="bbox 629 4326 2224 4418; baseline 0.013 -31"><span class='ocrx_word' id='word_1_343' title='bbox 629 4326 798 4390; x_wconf 87' lang='lat' dir='ltr'><strong>adeundam</strong></span> <span class='ocrx_word' id='word_1_344' title='bbox 826 4347 892 4394; x_wconf 85' lang='lat' dir='ltr'><strong>esse</strong></span> <span class='ocrx_word' id='word_1_345' title='bbox 921 4331 1066 4396; x_wconf 86' lang='lat' dir='ltr'><strong>videram.</strong></span> <span class='ocrx_word' id='word_1_346' title='bbox 1113 4331 1214 4416; x_wconf 74' lang='lat' dir='ltr'><strong>Atque</strong></span> <span class='ocrx_word' id='word_1_347' title='bbox 1236 4353 1328 4415; x_wconf 86' lang='lat' dir='ltr'><strong>quum</strong></span> <span class='ocrx_word' id='word_1_348' title='bbox 1351 4354 1389 4396; x_wconf 81' lang='lat' dir='ltr'><strong>ex</strong></span> <span class='ocrx_word' id='word_1_349' title='bbox 1412 4335 1463 4410; x_wconf 91' lang='lat' dir='ltr'><strong>iis,</strong></span> <span class='ocrx_word' id='word_1_350' title='bbox 1493 4355 1570 4418; x_wconf 89' lang='lat' dir='ltr'><strong>quae</strong></span> <span class='ocrx_word' id='word_1_351' title='bbox 1593 4344 1661 4398; x_wconf 89' lang='lat' dir='ltr'><strong>ante</strong></span> <span class='ocrx_word' id='word_1_352' title='bbox 1683 4346 1825 4418; x_wconf 77' lang='lat' dir='ltr'><strong>expertus</strong></span> <span class='ocrx_word' id='word_1_353' title='bbox 1847 4339 1976 4415; x_wconf 87' lang='lat' dir='ltr'><strong>fueram,</strong></span> <span class='ocrx_word' id='word_1_354' title='bbox 2006 4340 2039 4402; x_wconf 90' lang='lat' dir='ltr'><strong>iu</strong></span> <span class='ocrx_word' id='word_1_355' title='bbox 2059 4343 2145 4405; x_wconf 79' lang='lat' dir='ltr'><strong>omni</strong></span> <span class='ocrx_word' id='word_1_356' title='bbox 2167 4345 2224 4406; x_wconf 89' lang='lat' dir='ltr'><strong>fra·</strong></span> 
     </span>
     <span class='ocr_line' id='line_1_32' title="bbox 630 4451 2222 4544; baseline 0.01 -30"><span class='ocrx_word' id='word_1_357' title='bbox 630 4457 716 4514; x_wconf 87' lang='lat' dir='ltr'><strong>ctura</strong></span> <span class='ocrx_word' id='word_1_358' title='bbox 745 4451 979 4529; x_wconf 77' lang='lat' dir='ltr'><strong>fragmentorum</strong></span> <span class='ocrx_word' id='word_1_359' title='bbox 1007 4457 1083 4520; x_wconf 87' lang='lat' dir='ltr'><strong>lines</strong></span> <span class='ocrx_word' id='word_1_360' title='bbox 1111 4457 1207 4542; x_wconf 86' lang='lat' dir='ltr'><strong>magis</strong></span> <span class='ocrx_word' id='word_1_361' title='bbox 1237 4457 1375 4521; x_wconf 87' lang='lat' dir='ltr'><strong>minusve</strong></span> <span class='ocrx_word' id='word_1_362' title='bbox 1405 4459 1513 4522; x_wconf 85' lang='lat' dir='ltr'><strong>nudari</strong></span> <span class='ocrx_word' id='word_1_363' title='bbox 1543 4461 1768 4540; x_wconf 69' lang='lat' dir='ltr'><strong>cognovimm,</strong></span> <span class='ocrx_word' id='word_1_364' title='bbox 1796 4463 1912 4542; x_wconf 85' lang='lat' dir='ltr'><strong>sperari</strong></span> <span class='ocrx_word' id='word_1_365' title='bbox 1943 4463 2051 4542; x_wconf 78' lang='lat' dir='ltr'><strong>licebat</strong></span> <span class='ocrx_word' id='word_1_366' title='bbox 2082 4468 2161 4544; x_wconf 82' lang='lat' dir='ltr'><strong>fore,</strong></span> <span class='ocrx_word' id='word_1_367' title='bbox 2191 4477 2222 4532; x_wconf 91' lang='lat' dir='ltr'><strong>ut</strong></span> 
     </span>
    </p>
   </div>
   <div class='ocr_carea' id='block_1_5' title="bbox 786 4658 1363 5002">
    <p class='ocr_par' dir='ltr' id='par_1_6' title="bbox 790 4658 1231 4734">
     <span class='ocr_line' id='line_1_33' title="bbox 790 4658 1231 4734; baseline 0.025 -21"><span class='ocrx_word' id='word_1_368' title='bbox 790 4658 835 4734; x_wconf 91' lang='lat' dir='ltr'><strong>(l)</strong></span> <span class='ocrx_word' id='word_1_369' title='bbox 855 4665 1041 4732; x_wconf 80' lang='lat' dir='ltr'><strong>Brascbet,</strong></span> <span class='ocrx_word' id='word_1_370' title='bbox 1060 4669 1080 4722; x_wconf 90' lang='lat' dir='ltr'><strong>l.</strong></span> <span class='ocrx_word' id='word_1_371' title='bbox 1100 4686 1122 4720; x_wconf 87' lang='lat' dir='ltr'><strong>c.</strong></span> <span class='ocrx_word' id='word_1_372' title='bbox 1141 4687 1167 4734; x_wconf 90' lang='lat' dir='ltr'><strong>p.</strong></span> <span class='ocrx_word' id='word_1_373' title='bbox 1187 4671 1231 4725; x_wconf 77' lang='lat'><strong>⁸2.</strong></span> 
     </span>
    </p>

    <p class='ocr_par' dir='ltr' id='par_1_7' title="bbox 789 4749 1211 4821">
     <span class='ocr_line' id='line_1_34' title="bbox 789 4749 1211 4821; baseline 0.019 -20"><span class='ocrx_word' id='word_1_374' title='bbox 789 4749 830 4817; x_wconf 84' lang='lat'><strong>(2)</strong></span> <span class='ocrx_word' id='word_1_375' title='bbox 849 4753 1005 4816; x_wconf 77' lang='lat' dir='ltr'><strong>alluding,</strong></span> <span class='ocrx_word' id='word_1_376' title='bbox 1022 4753 1041 4803; x_wconf 92' lang='lat' dir='ltr'><strong>l.</strong></span> <span class='ocrx_word' id='word_1_377' title='bbox 1060 4771 1084 4808; x_wconf 88' lang='lat' dir='ltr'><strong>e.</strong></span> <span class='ocrx_word' id='word_1_378' title='bbox 1102 4773 1128 4821; x_wconf 89' lang='lat' dir='ltr'><strong>p.</strong></span> <span class='ocrx_word' id='word_1_379' title='bbox 1147 4758 1211 4814; x_wconf 79' lang='grc'><strong>409.</strong></span> 
     </span>
    </p>

    <p class='ocr_par' dir='ltr' id='par_1_8' title="bbox 787 4839 1194 4909">
     <span class='ocr_line' id='line_1_35' title="bbox 787 4839 1194 4909; baseline 0.015 -19"><span class='ocrx_word' id='word_1_380' title='bbox 787 4839 828 4905; x_wconf 83' lang='grc'><strong>(3)</strong></span> <span class='ocrx_word' id='word_1_381' title='bbox 847 4843 1005 4904; x_wconf 81' lang='lat' dir='ltr'><strong>Kartum,</strong></span> <span class='ocrx_word' id='word_1_382' title='bbox 1023 4843 1042 4896; x_wconf 85' lang='lat'><strong>1.</strong></span> <span class='ocrx_word' id='word_1_383' title='bbox 1062 4859 1085 4896; x_wconf 91' lang='lat' dir='ltr'><strong>c.</strong></span> <span class='ocrx_word' id='word_1_384' title='bbox 1104 4861 1130 4909; x_wconf 86' lang='lat' dir='ltr'><strong>p.</strong></span> <span class='ocrx_word' id='word_1_385' title='bbox 1148 4845 1194 4900; x_wconf 78' lang='lat'><strong>41.</strong></span> 
     </span>
    </p>

    <p class='ocr_par' dir='ltr' id='par_1_9' title="bbox 786 4927 1363 5002">
     <span class='ocr_line' id='line_1_36' title="bbox 786 4927 1363 5002; baseline 0.021 -24"><span class='ocrx_word' id='word_1_386' title='bbox 786 4927 827 4996; x_wconf 78' lang='grc'><strong>(4)</strong></span> <span class='ocrx_word' id='word_1_387' title='bbox 846 4931 1016 4994; x_wconf 82' lang='lat' dir='ltr'><strong>Gendrin,</strong></span> <span class='ocrx_word' id='word_1_388' title='bbox 1036 4931 1363 5002; x_wconf 79' lang='lat' dir='ltr'><strong>1.c.tcm.11.p.³1tt.</strong></span> 
     </span>
    </p>
   </div>
   <div class='ocr_carea' id='block_1_6' title="bbox 0 0 2400 5892">
    <p class='ocr_par' dir='ltr' id='par_1_10' title="bbox 0 0 2400 5892">
     <span class='ocr_line' id='line_1_37' title="bbox 0 0 2400 5892; baseline 0 0"><span class='ocrx_word' id='word_1_389' title='bbox 0 0 2400 5892; x_wconf 95' lang='lat' dir='ltr'><strong> </strong></span> 
     </span>
    </p>
   </div>
  </div>
 </body>
</html>
