4784 5894
1336 625 1354 638 ..
1378 565 1433 646 et

767 785 950 867 Plerumque
975 781 1100 845 morbus
1128 779 1160 842 in
1181 779 1257 862 ipsis
1279 778 1426 844 vertebris
1447 777 1564 843 initium
1586 781 1682 863 capit;
1711 783 1766 846 sed
1788 790 1888 846 tamen
1910 781 2072 866 ligamenta
2093 800 2219 868 quoqne

608 908 787 987 articularia,
810 929 888 992 quae
909 907 1010 970 itidem
1033 904 1181 968 Andral
1204 903 1259 989 (l)
1286 903 1451 967 tuberculis
1481 904 1637 969 obstructa
1656 907 1783 984 invenit,
1811 908 1970 989 primu-iae
1997 907 2096 970 morbi
2126 908 2218 972 serios

607 1051 675 1098 esse
695 1040 832 1116 possunt

766 1161 837 1238 Quo
864 1158 963 1235 majus
991 1155 1050 1216 boc
1079 1152 1191 1215 mulum
1218 1154 1298 1216 vitae
1325 1152 1478 1214 minitatur
1506 1153 1687 1233 periculum,
1719 1155 1750 1216 in
1779 1175 1877 1239 eoque
1905 1155 2085 1218 debeliando
2113 1156 2217 1220 miuus

605 1281 687 1344 valet
709 1299 772 1357 are,
796 1299 833 1342 eo
856 1279 951 1360 magis
973 1275 1157 1356 mirandum,
1187 1277 1305 1360 quantis
1328 1295 1419 1357 saepe
1443 1276 1631 1340 adminiculis
1654 1278 1720 1359 ipsa
1742 1285 1850 1341 natura
1872 1279 2063 1360 gravissimas
2085 1279 2219 1361 partium

606 1404 824 1468 destructiones
852 1405 996 1466 restituat.
1048 1401 1123 1464 Tale
1152 1402 1322 1482 exemplum
1353 1421 1372 1462 a
1400 1401 1553 1481 Ruyscb
1576 1399 1628 1482 (2)
1657 1409 1923 1466 commemoratum
1952 1403 2133 1481 invenimus,
2163 1405 2220 1489 qui

605 1548 639 1594 se
660 1547 815 1592 reservare
838 1535 940 1589 narrat
961 1533 1076 1607 septem
1098 1525 1181 1587 dorsi
1202 1524 1357 1587 vertebras
1379 1544 1436 1606 per
1464 1524 1622 1605 ancylosin
1651 1525 1716 1588 sive
1745 1527 1942 1590 substantiam
1971 1547 2089 1591 osseam
2117 1527 2218 1592 coeli·

526 1679 558 1702 ·-
604 1659 659 1731 tas,
682 1653 765 1716 etin
787 1652 892 1716 orbem
914 1652 956 1712 ita
976 1656 1158 1726 recurvatus,
1180 1655 1216 1710 ut
1237 1667 1348 1731 corpus
1370 1667 1529 1728 supremae
1550 1647 1706 1711 vertebrae
1718 1669 1786 1712 cum
1801 1669 1930 1732 corpore
1945 1653 2065 1714 intimae
2080 1653 2117 1715 sit
2131 1671 2212 1715 oon·

600 1779 741 1859 junctum
763 1781 794 1838 et
813 1795 946 1856 corpora
967 1774 1181 1849 vertebrarum,
1204 1793 1279 1855 quas
1302 1771 1372 1849 dixi,
1393 1772 1445 1834 vix
1466 1773 1556 1835 unius
1579 1773 1748 1856 adaequent
1768 1776 1925 1838 vertebrae
1948 1796 2068 1857 corpus.
2109 1775 2218 1840 Simile
2333 1860 2336 1866 Ι

604 1901 678 1984 quid
700 1899 871 1964 observavit
893 1899 1060 1980 Cloquet
1082 1895 1137 1982 (3)
1159 1896 1191 1958 in
1213 1897 1279 1959 viro
1304 1915 1452 1958 annorum
1474 1895 1527 1975 tu,
1549 1899 1599 1959 cui
1622 1917 1732 1980 corpus
1754 1900 1911 1962 vertebrae
1933 1900 2072 1963 lmnbalis
2097 1900 2218 1982 primae

604 2043 674 2086 cum
702 2043 832 2106 corpore
860 2023 997 2105 quintae,
1019 2041 1078 2103 cpe
1106 2021 1176 2084 calli
1206 2020 1303 2098 ossei,
1332 2028 1543 2100 concreverat,
1564 2021 1657 2104 plane
1681 2022 1904 2103 delicienu'bus,
1927 2045 2004 2108 quae
2018 2025 2216 2106 interjacent,

602 2148 807 2211 vertebrarum
830 2146 1018 2228 corporibus.

1278 2377 1304 2433 2.
1323 2377 1524 2430 metanoeis.

760 2519 843 2581 Raro
865 2518 897 2580 iu
920 2518 1039 2581 ossibus
1060 2517 1126 2581 visa
1149 2524 1202 2580 est.
1246 2517 1281 2579 ln
1312 2537 1385 2580 casu
1413 2517 1483 2596 illo,
1511 2537 1600 2601 quem
1629 2520 1787 2603 descripsit
1814 2522 2019 2605 llallirlay,
2048 2526 2079 2588 iu
2107 2526 2213 2590 multis

601 2642 669 2706 aliis
692 2643 814 2724 organis
837 2643 924 2706 simui
947 2641 1166 2724 reperiebatur;
1189 2649 1284 2704 totum
1307 2647 1449 2720 eternum,
1473 2662 1543 2724 pars
1568 2645 1702 2706 anterior
1723 2652 1885 2724 costarum,
1908 2649 2037 2710 maxima
2060 2669 2132 2730 pars
2155 2669 2211 2714 os·

598 2767 678 2830 sium
706 2767 866 2848 bregmau's
894 2773 923 2830 et
946 2766 1082 2848 occipitis
1105 2764 1210 2829 colore
1232 2766 1320 2847 nigro
1344 2767 1508 2849 aequaliter
1529 2769 1622 2831 tincta
1644 2775 1729 2831 erent
1751 2789 1787 2833 ac
1809 2771 1950 2835 facillime
1978 2773 2212 2854 frangebantur3

596 2891 783 2974 periosteum
804 2911 878 2955 vero
901 2891 1086 2954 immutatum
1110 2890 1284 2972 apparebat
1307 2889 1364 2975 (t)

1198 3123 1224 3176 8.
1243 3122 1377 3185 livingus
1396 3138 1418 3173 a.
1440 3120 1607 3178 Sarccma.

757 3260 928 3324 Tubercula
954 3267 984 3322 et
1012 3260 1183 3324 melanoses
1212 3269 1320 3322 natura
1349 3279 1404 3346 sua
1427 3263 1470 3324 nil
1492 3273 1563 3326 sunt
1583 3265 1642 3328 nisi
1664 3273 1780 3329 secreta
1801 3269 1958 3346 morbosa;
1985 3272 2065 3334 vitae
2087 3272 2211 3353 organi·

598 3405 651 3450 eae
672 3403 736 3448 uon
758 3385 919 3466 participes
943 3404 1050 3448 essee
1078 3383 1215 3466 plurimis
1245 3384 1365 3466 quidem
1394 3387 1591 3467 scriptoribus
1620 3389 1775 3468 dicuntur,
1805 3400 1893 3475 atque
1921 3395 1989 3457 sole
2017 3396 2210 3478 appositione

549 3567 554 3576 .
599 3511 729 3593 partium
752 3509 931 3571 increscunt.
983 3509 1029 3570 Ea
1056 3527 1130 3570 vero
1158 3509 1440 3589 psendcplusmata3
1469 3531 1546 3592 quae
1569 3513 1674 3593 iungi
1697 3535 1722 3576 s.
1745 3525 1964 3582 sarcomata
1986 3520 2079 3600 vulgo
2103 3521 2207 3602 appel-

593 3633 711 3712 lantur,
738 3634 800 3697 vita
829 3633 955 3714 propria
988 3633 1119 3716 gaudent
1153 3632 1247 3713 magis
1282 3633 1417 3696 minusve
1453 3643 1573 3715 vegeto,
1608 3638 1689 3700 vasis
1725 3639 1870 3704 instructa
1905 3649 1990 3724 sumt,
2024 3649 2113 3727 atque
2147 3665 2208 3728 per

591 3758 895 3841 intussvmceptionem
917 3757 1096 3822 increscunt

753 3888 959 3964 Quamquam,
988 3901 1026 3944 ex
1056 3901 1117 3964 quo
1141 3882 1270 3964 primum
1302 3863 1427 3946 scientia
1455 3885 1567 3948 exstitit
1586 3887 1990 3968 patbolcgico-anutomica,
2020 3911 2205 3973 magnopere

592 4004 752 4068 adversum
774 4013 821 4066 est
841 4005 873 4064 iu
894 4005 969 4064 baec
990 4005 1261 4085 pseudoplasmata,
1284 4025 1381 4087 neque
1401 4008 1501 4068 solum
1515 4009 1621 4088 ingens
1636 4012 1824 4091 singulorum
1847 4033 1971 4076 casrnrm
1988 4033 2130 4079 muneras
2145 4017 2203 4078 ob-

591 4135 729 4191 servatus
753 4133 784 4190 et
807 4126 988 4207 descriptus,
1010 4126 1065 4188 sed
1087 4127 1277 4189 multifariam
1301 4149 1422 4211 quoque
1444 4131 1476 4191 in
1498 4139 1598 4194 certos
1621 4135 1743 4197 ordines
1764 4155 1801 4198 ca
1824 4138 1977 4218 ‹ligercndi
1999 4142 2205 4221 experimenta

591 4253 778 4330 factasunt,
808 4250 1013 4315 confitendum
1034 4257 1150 4328 tamen,
1179 4252 1259 4312 band
1283 4253 1403 4333 penitus
1427 4273 1464 4315 ea
1487 4274 1505 4316 e
1526 4256 1614 4320 nobis
1636 4267 1793 4340 perspecta
1823 4281 1905 4338 esse3
1933 4265 2083 4328 noscimus
2112 4267 2203 4345 enim,

752 4547 794 4620 (1)
814 4553 946 4618 Anairal,
964 4555 1063 4616 pathol,
1081 4557 1157 4610 Anat.
1177 4556 1263 4610 ubera.
1283 4572 1308 4609 r.
1327 4555 1357 4612 F.
1377 4557 1424 4607 W.
1443 4559 1587 4623 Becker,
1604 4561 1710 4620 lierlin,
1729 4563 1809 4619 18³2.
1827 4567 1876 4622 Tb.
1896 4567 1918 4619 l.
1943 4585 1968 4633 p.
1986 4567 2050 4620 ³³2.

750 4637 792 4707 (2)
810 4643 960 4706 ltuyseb,
980 4643 1089 4695 Obserr.
1109 4653 1177 4698 anat.
1197 4646 1263 4698 ebir.
1281 4647 1337 4700 obs.
1357 4645 1482 4700 vatu.
1501 4649 1546 4710 sqq.
1565 4649 1601 4698 54
1619 4660 1646 4700 et
1663 4651 1708 4704 55.

750 4727 791 4796 (il)
810 4733 968 4795 ctoquet,
984 4745 1107 4780 nourean
1124 4732 1234 4781 Journal
1253 4734 1286 4782 rie
1304 4731 1449 4797 mc'rierine,
1468 4736 1517 4789 Tb.
1536 4737 1594 4792 vlt.
1614 4741 1684 4790 blm
1704 4741 1783 4794 18²0.
1796 4743 2010 4798 ooul.a·.(lrttle
2029 4755 2054 4796 ct
2075 4747 2196 4801 nival-

589 4823 677 4885 tirer,
694 4821 815 4874 Journal.
834 4821 883 4872 Tb.
899 4819 934 4874 ll.
953 4834 1011 4884 pag.
1030 4817 1093 4872 aba.
1112 4843 1148 4856 -
1182 4821 1244 4869 Alia
1262 4823 1382 4884 exempla
1398 4823 1523 4874 atirnmte
1543 4826 1741 4894 Subditum,
1759 4811 1829 4884 mira.
1847 4841 1917 4885 auat.
1938 4836 1995 4887 l'ci.
2007 4836 2030 4885 1.
2047 4837 2144 4898 pul.
2163 4861 2199 4876 -

586 4914 644 4969 Vol,
664 4912 701 4965 ll.
719 4911 783 4962 rau.
801 4909 904 4963 XLlll.
924 4931 954 4945 -
993 4909 1022 4960 C.
1040 4906 1072 4961 F.
1091 4907 1278 4976 Wedaliug,
1296 4911 1329 4960 ele
1348 4912 1524 4975 uneylosibns,
1544 4915 1605 4968 alias.
1624 4918 1723 4981 inaug„
1742 4919 1829 4976 lieret.
1850 4919 1929 4976 18³2.
1946 4924 2014 4978 Tab.
2034 4925 2070 4978 ll.
