4856 5896
1347 512 1400 620 vr

570 721 697 810 teriern,
720 737 806 807 quae
827 717 902 787 luce
924 717 1032 787 adhue
1055 717 1208 810 indigere
1231 718 1417 809 videretur3
1451 720 1680 807 quaestionum
1704 723 1817 796 adhue
1845 724 2078 800 solvendarum
2105 749 2171 800 uon

570 863 683 953 inopia
705 861 767 930 sed
790 860 1003 951 abundantia,
1024 863 1133 932 animo
1156 861 1201 930 ad
1230 881 1339 929 rerum
1367 861 1591 954 ouguitionem
1620 867 1657 938 et
1684 862 1936 957 intelligentiam
1962 871 2174 942 contendenti

570 1006 724 1074 continuo
750 1023 945 1093 occurrens,
978 1021 1043 1090 que
1070 1004 1178 1070 miuus
1208 1004 1243 1070 in
1272 1009 1363 1076 certo
1386 1003 1497 1092 aliquo
1531 1003 1667 1072 oonsilio
1697 1007 1930 1102 consisterem,
1966 1013 2173 1102 impediebat.

570 1147 734 1216 Coretum
756 1145 917 1236 equidem,
941 1145 996 1234 qui
1019 1144 1064 1212 ad
1084 1144 1307 1212 exercendam
1330 1149 1435 1220 artem
1456 1152 1605 1215 nontam
1626 1145 1769 1215 nondum
1785 1153 2013 1246 accessissem,
2034 1155 2173 1246 impulsu

569 1291 624 1358 illo
648 1296 799 1378 externo,
820 1308 884 1376 quo
908 1288 1002 1374 quasi
1026 1287 1106 1376 sors,
1127 1287 1311 1359 uberiorem
1332 1287 1368 1354 in
1390 1287 1456 1356 alia
1477 1308 1574 1375 quam
1595 1289 1631 1356 iu
1652 1288 1719 1364 alia
1746 1309 1785 1358 re
1814 1291 1975 1378 objiciens
1997 1300 2173 1385 experien.

569 1434 659 1522 tiam,
682 1431 726 1500 od
748 1431 901 1521 singulos
924 1448 979 1496 res
1009 1430 1197 1496 aoouratius
1226 1427 1459 1518 disquirendas
1484 1431 1653 1499 suscitare
1682 1432 1824 1504 mimum
1855 1433 1953 1500 solet.
2001 1437 2076 1506 lloe
2101 1459 2173 1531 ego

569 1574 709 1662 impulsu
731 1591 851 1641 carens
874 1592 970 1659 quum
992 1572 1138 1638 incertus
1160 1573 1336 1638 duotuarer
1358 1572 1476 1662 animo,
1498 1572 1543 1640 ed
1566 1592 1664 1662 quem
1684 1591 1855 1644 recurrere
1877 1581 2026 1665 poteram
2046 1579 2172 1669 melius,

570 1735 668 1805 quam
691 1714 735 1784 ad
758 1719 1007 1804 praeceptorem
1028 1712 1355 1802 venerandissimum,
1376 1713 1426 1780 Ill.
1448 1713 1483 1780 J.
1503 1713 1705 1806 Mueller,
1733 1715 1789 1804 qui
1819 1716 1863 1785 ad
1890 1717 1966 1787 illas
1995 1723 2105 1810 artes,
2127 1719 2172 1788 ad

569 1879 654 1948 quas
676 1858 795 1926 insitus
817 1857 894 1922 milri
917 1874 1007 1922 emor
1028 1861 1154 1922 maturo
1178 1873 1230 1922 me
1254 1855 1429 1944 detulerat,
1451 1875 1559 1924 novas
1581 1857 1657 1930 vias
1686 1857 1765 1926 milri
1795 1859 1957 1948 patefecit
1978 1867 2078 1949 utque
2100 1863 2171 1931 eol-

568 2000 733 2090 lustravit,
753 2004 789 2065 et
811 1997 934 2084 primus
957 1996 1088 2064 labores
1111 2016 1201 2065 meos
1225 2003 1324 2084 atque
1340 2005 1478 2065 oonatus
1495 1997 1538 2066 ad
1554 2005 1647 2066 oertu
1665 1995 2014 2072 consiliarevooavitl
2035 2003 2171 2078 Summo

569 2143 697 2232 studio,
731 2161 829 2228 quum
850 2139 903 2206 laio
925 2145 1139 2227 proponeret,
1170 2145 1207 2204 ut
1228 2138 1271 2204 de
1302 2139 1538 2225 suppuratione
1567 2141 1690 2216 ossuum
1722 2141 1936 2233 inquirerem,
1968 2148 2170 2234 propositum

570 2307 702 2374 arripui

726 2425 844 2510 ltaque
862 2441 930 2490 non
953 2420 1104 2509 cessavi,
1123 2377 1173 2486 *in
1196 2417 1393 2492 animalibus
1420 2425 1488 2486 tom
1505 2419 1629 2488 ,natulis
1659 2443 1758 2510 quam
1790 2423 1911 2494 adultis
1939 2429 2169 2514 experimenta

568 2587 675 2660 ogere
698 2565 741 2634 ad
764 2584 833 2632 rem
856 2561 1123 2654 cognoscendam
1145 2561 1279 2652 idonea,
1315 2562 1410 2630 vario
1445 2561 1541 2634 modo
1564 2582 1644 2636 ossa
1673 2584 1785 2635 eorum
1806 2566 1995 2658 vmuerevi,
2028 2570 2168 2640 vulnera

567 2730 634 2778 non
655 2707 795 2796 reunivi,
817 2725 883 2794 qua
904 2707 1032 2772 relioue
1054 2705 1088 2774 iu
1109 2705 1257 2792 partibus
1280 2705 1428 2772 mollibus
1451 2707 1718 2794 suppurationem
1749 2709 1888 2776 excitari
1909 2717 2050 2784 ooustot.
2094 2713 2167 2782 Ve-

567 2819 639 2920 rum
659 2855 774 2940 portos
794 2849 987 2916 idaeum
1009 2853 1168 2934 perpetuo
1191 2847 1310 2935 emori,
1345 2865 1386 2916 ae
1402 2851 1475 2922 ,tom
1498 2846 1641 2937 demum,
1664 2867 1762 2935 quum
1782 2856 1896 2938 partes
1913 2857 2087 2926 emenone
2107 2871 2168 2922 se-

568 2990 765 3080 cessissent,
786 2990 1054 3077 suppurationem
1074 2988 1221 3064 exordiri
1241 2987 1405 3062 muiabano„
1449 2989 1526 3056 Hae
1556 3007 1595 3054 re
1615 2987 1821 3077 eddueebar,
1848 2996 1885 3056 ut
1909 2991 1956 3067 de
1977 2995 2108 3063 neorosi
2131 3003 2166 3067 et

568 3135 611 3202 de
633 3129 891 3223 mgenmationa
920 3129 1043 3196 ossium
1071 3134 1149 3215 post
1173 3135 1366 3214 separatore
1396 3129 1550 3204 nemesin
1577 3131 1749 3199 exoriente
1777 3131 1991 3226 inquirerem,
2023 3136 2167 3226 indeque

567 3277 683 3344 iterum
710 3270 755 3341 ad
782 3270 1009 3340 tornationem
1032 3270 1123 3358 ealli,
1154 3270 1401 3360 regenerationi
1430 3269 1580 3360 starem,
1613 3273 1867 3360 universamque
1892 3276 2013 3342 ossium
2034 3280 2166 3349 indam-

567 3418 743 3486 matioueur
777 3411 1021 3501 disquirendum
1054 3411 1236 3482 deferebat,
1291 3411 1371 3482 Jum
1408 3431 1489 3480 vero
1519 3433 1616 3500 quum
1645 3431 1703 3502 ea,
1731 3433 1818 3502 quae
1850 3415 1893 3489 de
1926 3424 2094 3490 “rodurn
2129 3432 2164 3492 et

567 3557 823 3628 ooutormntioue
864 3555 1075 3622 salmantino
1114 3568 1234 3624 osseae
1277 3555 1531 3628 inflammatione
1569 3575 1689 3624 reeens
1731 3558 1899 3638 nascentis
1938 3561 2164 3654 wacevum,

566 3700 653 3770 haud
683 3701 724 3768 ab
754 3698 841 3766 omui
869 3703 965 3785 parte
994 3696 1170 3765 eoueinere
1196 3695 1347 3767 viderem
1374 3715 1448 3766 erm
1476 3696 1537 3786 iis,
1573 3717 1659 3785 qvae
1695 3697 1738 3772 ιιο
1763 3705 1932 3776 motura
1967 3709 2003 3772 et
2030 3706 2164 3778 eonfor-

566 3844 710 3911 matione
745 3841 851 3906 omis.
869 3840 1026 3925 primitivi
1061 3837 1165 3929 vulgo
1193 3837 1357 3928 feruutur,
1389 3837 1437 3918 ad
1466 3837 1556 3912 hauc
1590 3857 1721 3927 quoque
1753 3842 2004 3916 examinandam
2037 3853 2073 3914 ut
2108 3869 2160 3916 me

566 3987 794 4052 eonvertorem
821 3985 999 4046 moroan
1016 3994 1107 4046 sura
1163 3975 1225 4049 Sic
1247 3979 1372 4058 invites
1395 3978 1471 4058 iore
1495 3979 1546 4077 ‚od
1574 3979 1658 4052 alias
1685 3987 1784 4070 atqua
1808 3983 1896 4056 alias
1919 4005 1979 4054 res
2001 3987 2163 4082 abreptus

566 4143 715 4212 eampum
736 4119 985 4208 disquisitionis,
1007 4134 1071 4207 quo
1093 4118 1228 4189 ulterius
1251 4119 1499 4216 progredietur,
1522 4139 1562 4193 00
1585 4121 1772 4210 ampliorem
1793 4123 1864 4197 fieri
1885 4125 2053 4219 videbam
2073 4151 2161 4218 quo-

566 4269 634 4336 ties
652 4266 733 4334 novi
754 4261 833 4352 quid
854 4263 1055 4352 iuvere-am,
1077 4277 1165 4332 nova
1187 4279 1232 4330 oa
1253 4263 1389 4332 invento
1411 4264 1507 4350 quasi
1521 4264 1715 4356 emergebat
1725 4267 1884 4353 quaestio
1928 4269 2016 4340 llino
2039 4271 2162 4344 tuntum

566 4416 631 4498 est,
652 4414 689 4476 ut
710 4383 813 4496 longe
835 4405 899 4472 alio
921 4411 1087 4493 postremo
1105 4405 1327 4492 pervenirem,
1348 4423 1529 4502 quamquo
1553 4406 1595 4476 ab
1617 4406 1709 4476 initio
1731 4407 1880 4500 vestigia
1898 4410 2049 4485 tuleram.

724 4545 823 4616 llautl
844 4545 935 4614 multi
956 4531 1103 4634 prolecto
1125 4546 1189 4615 loei
1210 4547 1292 4616 artis
1312 4553 1448 4616 nostrae
1469 4552 1537 4618 taru
1558 4567 1661 4641 saepe
1682 4568 1723 4618 ee
1744 4555 1812 4621 mm
1833 4551 2011 4646 diligenter
2032 4555 2160 4646 disqui-

567 4696 622 4762 siti
644 4697 740 4780 oum,
774 4709 870 4778 quau
892 4689 1014 4756 ossium
1037 4707 1133 4774 quum
1148 4694 1326 4779 aramme,
1357 4695 1430 4762 tun
1457 4689 1604 4758 murima
1626 4690 1706 4762 illue
1739 4711 1850 4778 eoem
1876 4699 2157 4790 eommuutiones,
