4784 5894
595 743 694 819 groto,
716 757 754 801 os
776 735 935 800 masillare
959 735 1084 800 interius
1105 733 1177 798 loco
1199 733 1307 798 allecto
1331 733 1508 812 emollitum,
1529 733 1905 817 inflatum-magnumque
1926 751 2034 796 cavum
2056 735 2204 816 effingens

595 862 769 944 apparebat,
792 861 841 924 cui
864 879 975 942 corpus
998 861 1108 922 dorum
1132 859 1338 941 magnitudine
1360 859 1412 924 ovi
1434 859 1591 938 insidebat,
1613 857 1696 942 qsmd
1717 877 1826 940 parum
1849 858 2030 922 cohaerebat
2051 877 2202 942 cssmpan

594 985 675 1048 tibus
697 985 839 1048 mollibus
860 985 1062 1060 conterminis,
1084 985 1275 1065 superficiem
1297 983 1456 1047 exhibebat
1477 983 1666 1068 inaequalem
1695 990 1726 1044 et
1747 982 1868 1064 pondus
1896 981 2026 1044 habebat
2048 963 2071 1063 ᾗ
2081 985 2135 1064 ij
2170 993 2202 1048 ut

594 1129 641 1190 gr.
661 1111 734 1184 Xb3
756 1109 843 1170 facile
866 1108 949 1170 trieri
972 1115 1098 1190 poterat,
1120 1116 1255 1172 secatum
1276 1109 1366 1190 plura
1389 1115 1483 1171 strata
1496 1107 1674 1189 irregularia
1689 1105 1874 1184 ostendebat,
1897 1113 1986 1189 atque
2004 1107 2083 1170 intus
2094 1107 2200 1174 durius

594 1241 660 1296 erat
681 1241 711 1296 et
733 1232 838 1296 colore
860 1233 1050 1308 candidiore;
1072 1239 1159 1296 aneto
1182 1233 1336 1316 aliquanto
1359 1232 1430 1314 plus
1455 1231 1585 1294 dimidio·
1602 1231 1795 1308 solvebatur,
1817 1230 2015 1294 substantiam
2026 1232 2197 1314 relinquens

592 1358 804 1438 cartilagiueae
825 1358 961 1434 similem,
986 1377 1063 1441 quae
1087 1357 1175 1421 acido
1197 1359 1314 1420 nitroso
1336 1376 1400 1420 uon
1422 1357 1639 1420 destruebatur.
1684 1357 2006 1418 Concremeutum
2030 1355 2122 1418 luisse
2139 1357 2199 1420 boc

591 1501 714 1564 oorpns,
732 1484 797 1560 jam
819 1482 945 1564 physion
967 1484 1034 1562 ojus
1056 1481 1191 1545 conditio
1214 1479 1311 1558 docet,
1333 1501 1391 1544 nec
1412 1481 1511 1544 minus
1534 1481 1667 1544 chemioa
1690 1481 1787 1546 eidem
1802 1478 1939 1560 opinioni
1950 1479 2045 1554 favet3
2067 1481 2199 1562 primum

591 1607 679 1683 euim,
702 1605 785 1688 quod
808 1605 896 1668 facile
919 1612 1005 1692 aceto
1029 1605 1212 1686 solvebatur,
1235 1605 1382 1668 calcariae
1405 1605 1568 1688 phosphor.
1591 1605 1666 1682 bas,
1688 1624 1766 1688 quae
1788 1602 1972 1666 substantiae
1994 1622 2066 1666 sore
2088 1623 2197 1668 osseae

590 1731 751 1812 plurimam
773 1737 891 1812 partem
913 1731 1074 1808 constitnit,
1096 1731 1160 1792 fere
1181 1728 1255 1792 nihil
1278 1729 1402 1806 infuisse
1426 1729 1529 1802 dooet;
1552 1728 1622 1790 dein
1644 1729 1675 1790 in
1697 1727 1835 1809 plurimis
1858 1727 2075 1792 concremends
2086 1749 2196 1809 magna

589 1855 636 1917 vis
658 1855 800 1918 materiae
823 1855 968 1932 animalis,
989 1861 1026 1919 ut
1045 1873 1160 1932 mucus,
1183 1853 1332 1930 albumen,
1355 1853 1596 1935 deprehenditur,
1619 1871 1697 1935 quae
1719 1851 1827 1928 solutis
1849 1852 1963 1915 edibus
1990 1861 2137 1931 remanet,
2166 1861 2197 1916 et

590 1979 658 2042 sola
678 1980 780 2062 specie
803 1987 927 2042 externa
949 1978 1172 2042 shnilitudiuem
1196 1977 1326 2060 aliquam
1349 1997 1418 2040 osam
1442 1977 1616 2058 cartilagine
1640 1983 1813 2040 ossesccnte
1836 1975 1976 2038 ostendit

750 2103 928 2186 Priusquam
955 2104 1046 2166 finem
1068 2102 1176 2166 inciam
1206 2103 1297 2182 hujus
1320 2101 1476 2180 sectionis,
1509 2101 1671 2182 singularis
1700 2099 1858 2180 cuisssdam
1887 2107 2040 2163 tsmrorum
2068 2103 2195 2182 generis,

588 2226 671 2309 quod
694 2233 724 2290 et
745 2227 844 2307 ipsum
867 2227 897 2290 in
921 2226 1040 2290 ossibus
1063 2227 1177 2308 passim
1199 2225 1445 2306 deprehenditur,
1477 2233 1566 2307 atque
1589 2225 1922 2305 ancnrysnsaticae
1943 2223 2062 2288 videbar
2084 2227 2195 2288 indolis

587 2367 664 2426 osse,
687 2351 800 2414 mentio
824 2350 962 2412 iacienda
984 2357 1042 2414 est.
1087 2350 1179 2432 Apud
1201 2357 1319 2412 veteres
1338 2351 1403 2428 jam
1425 2350 1591 2430 scriptores
1616 2348 1671 2432 (l)
1704 2369 1793 2412 casus
1816 2355 2021 2413 memorantur
2043 2359 2195 2414 tumorum

588 2473 714 2551 ossium,
736 2474 788 2558 qui
812 2475 990 2554 sanguinem
1013 2473 1138 2536 fluidum
1160 2480 1191 2535 et
1213 2473 1405 2554 coagulatum
1427 2472 1643 2548 coutinuerint,
1671 2491 1769 2555 neque
1797 2493 1872 2536 sero
1901 2474 1941 2535 ita
1970 2473 2129 2556 descripti,
2159 2483 2193 2538 ut

588 2603 672 2660 certo
695 2599 761 2660 erui
783 2598 895 2680 possit,
919 2616 1020 2660 annon
1042 2597 1145 2679 potius
1168 2617 1225 2678 pro
1248 2599 1341 2678 lungo
1364 2596 1541 2660 haemntodc
1563 2597 1692 2659 habendi
1714 2597 1783 2659 sint
1829 2598 1951 2678 Optime
1974 2598 2065 2678 igitur
2086 2599 2191 2664 baete

587 2721 710 2783 materie
732 2729 906 2784 mememnt
934 2723 1123 2784 Breschet
1144 2719 1197 2802 (2)
1225 2727 1255 2782 et
1277 2720 1505 2783 ballemaud
1528 2719 1603 2806 (3),
1636 2722 1688 2805 qui
1716 2721 1796 2784 huno
1822 2741 1966 2784 uasorum
1993 2721 2133 2784 morbum
2160 2725 2192 2788 iu

588 2845 708 2910 ossibus
730 2847 861 2928 primum
891 2853 1030 2908 accurate
1053 2845 1277 2928 disquisiveriut
1305 2853 1394 2927 atque
1423 2845 1645 2928 descripserint
1698 2843 1872 2908 Secundum
1894 2846 2082 2908 Breschet
2103 2867 2190 2929 prae-

583 2970 687 3052 primis
710 2971 855 3034 articulus
877 2989 957 3050 genu
980 2973 1048 3050 ejus
1071 2968 1159 3032 sedes
1182 2977 1241 3044 est,
1265 2970 1317 3051 qui
1339 2970 1398 3032 hoo
1420 2969 1528 3034 morbo
1551 2970 1680 3046 indatur,
1702 2969 1831 3032 ιιιιιιίιιιο
1853 2989 1977 3050 pressus
1999 2971 2190 3034 vehementer

583 3094 681 3168 dolot;
711 3113 807 3156 venae
830 3094 907 3156 cutis
930 3093 1106 3169 dilatantur,
1133 3093 1292 3156 varicosae
1314 3093 1402 3169 tiunt,
1431 3099 1512 3154 totus
1535 3101 1618 3156 artus
1640 3091 1746 3156 colore
1774 3100 1821 3156 est
1849 3113 1888 3156 ex
1915 3093 2187 3175 rubro-violaceo,

581 3216 631 3279 sel
654 3216 810 3304 oedamate
833 3216 954 3278 indatus
975 3215 1025 3279 vel
1048 3217 1196 3290 mucidum
1232 3215 1271 3280 ab
1301 3217 1387 3279 initio
1416 3217 1448 3279 in
1470 3223 1588 3280 tunore
1610 3215 1742 3297 pulsatio
1765 3219 1930 3298 protunda,
1946 3187 2054 3300 'cujus
2077 3220 2185 3302 singuli

743 3459 786 3533 (l)
805 3466 999 3530 Morgagni,
1017 3467 1038 3521 l.
1057 3483 1082 3519 a.
1102 3482 1143 3531 ep.
1161 3465 1221 3530 Lll,
1238 3468 1287 3518 ubi
1306 3469 1339 3517 de
1356 3469 1520 3518 laesionibus
1538 3471 1640 3532 capitis,
1658 3471 1744 3534 deorse
1762 3473 1918 3533 trimeribus,
1936 3487 2014 3536 saepe
2033 3439 2114 3534 lauro
2129 3482 2186 3536 past

580 3566 695 3620 tempore
714 3571 757 3604 eas
777 3557 976 3618 tumescentibus
995 3557 1073 3604 rerba
1092 3557 1155 3606 iacit
1174 3559 1270 3606 haecne
1290 3555 1349 3624 (art.
1368 3553 1431 3618 3⁹),
1452 3558 1482 3604 ad
1503 3567 1619 3606 nostrum
1640 3560 1773 3622 morbum,
1792 3569 1820 3607 ut
1841 3561 1958 3622 ridetur,
1977 3559 2128 3626 reis-reuda,
2147 3563 2184 3609 at·

578 3647 646 3694 lert:
665 3645 804 3710 ,Ceterum
823 3646 851 3692 in
871 3661 902 3693 ea
920 3653 976 3694 erat
994 3647 1120 3709 opinione
1138 3647 1328 3710 Corellius,
1347 3647 2097 3712 violatuscompressasqnelrtunmocensiouearteriolas,
2116 3665 2184 3712 quae

487 3721 490 3726 ¹
576 3751 650 3797 „nou
668 3733 746 3782 modo
764 3734 833 3782 inter
851 3735 934 3782 cranii
954 3734 1066 3796 tabulas,
1084 3735 1132 3784 sed
1149 3743 1176 3784 et
1193 3737 1261 3784 intra
1278 3737 1332 3785 alia
1350 3737 1402 3786 sint
1420 3751 1486 3798 ossa,
1505 3736 1613 3786 dilatari
1632 3745 1658 3786 et
1677 3739 1705 3785 isa
1723 3751 1881 3800 aneuryssraa
1899 3735 2013 3786 distendi
2031 3745 2058 3786 at
2076 3740 2184 3800 ariera,

576 3825 637 3886 „sel
655 3827 806 3887 priusquam
823 3832 987 3888 rumpantur,
1005 3831 1036 3874 ut
1053 3823 1139 3872 adsita
1157 3825 1258 3874 ossibus
1276 3833 1464 3889 aneurysnsata
1481 3825 1578 3886 soleat,
1596 3826 1640 3874 sel
1659 3834 1736 3890 rupta
1744 3839 1845 3890 parere.
1865 3825 1896 3874 ln
1905 3841 2016 3890 eamque
2035 3827 2185 3890 opinions·

575 3913 721 3974 ,pslslnctus
740 3913 823 3958 isserat
841 3927 856 3958 a
875 3913 975 3973 triluss,
999 3928 1066 3974 quae
1089 3914 1254 3976 asservabat,
1279 3915 1379 3962 ossibus
1399 3914 1515 3965 femoris.
1554 3915 1673 3970 Quorum
1693 3929 1776 3962 unum
1803 3921 1931 3962 tumorem
1958 3915 2126 3978 ostendebat,
2152 3917 2182 3964 is

575 4013 671 4060 „quens
690 3999 827 4044 dilatatum
845 3997 931 4046 isserat
949 3997 982 4045 asl
1001 4001 1080 4060 pugni
1099 4002 1323 4062 magnitudinem,
1347 4002 1417 4048 susle
1436 4015 1545 4050 exesum
1564 4011 1644 4065 atque
1662 4011 1810 4064 pertsssurn3
1835 4001 1914 4050 simui
1941 4011 2028 4054 nutem
2053 4005 2179 4066 foramen,

575 4101 640 4149 „per
656 4085 724 4148 quod
742 4085 836 4132 arteria
855 4097 883 4132 os
901 4085 1014 4146 subibat,
1032 4097 1215 4148 perangustum
1234 4089 1314 4148 alias,
1339 4089 1367 4136 in
1386 4103 1418 4136 eo
1436 4103 1492 4136 osse
1510 4091 1576 4138 adeo
1600 4093 1806 4154 amplificatum,
1833 4099 1862 4140 ut
1880 4093 1956 4140 nullo
1976 4094 2080 4152 neasnto
2100 4094 2177 4142 mini·

574 4189 663 4236 „snum
684 4173 833 4220 admitteret
851 4172 971 4235 digitum.
991 4197 1026 4210 -
1045 4176 1109 4222 (lesa
1128 4176 1181 4222 duo
1199 4175 1302 4237 reliqua
1320 4175 1442 4224 allectum
1460 4180 1530 4226 carie
1548 4177 1681 4227 habebant
1700 4187 1828 4227 tumorem
1848 4189 1873 4226 et
1894 4195 1938 4242 pro
1956 4183 2052 4228 arteria
2077 4183 2177 4230 tuscasl-

574 4269 666 4326 „ptum
686 4263 737 4308 osai
757 4261 873 4310 loramen
891 4265 989 4326 pariter
1006 4263 1154 4316 dilatatum.
1173 4285 1210 4300 -
1228 4265 1357 4330 lloyer,
1377 4264 1452 4312 truite
1470 4265 1515 4312 eles
1535 4267 1597 4318 sual.
1620 4259 1699 4329 chin,
1717 4265 1768 4317 tue
1787 4269 1861 4330 edit„
1887 4268 1959 4316 Paris
1980 4269 2063 4330 1818,
2091 4270 2122 4322 Τ.
2144 4269 2179 4330 11,

572 4369 600 4416 p.
617 4349 671 4400 818
689 4349 737 4398 suh
757 4349 863 4397 nomlne
881 4360 1017 4412 „tumeurs
1035 4353 1196 4418 longueuses
1217 4355 1356 4414 saumsinea
1374 4353 1579 4404 aeehteusettestt
1592 4357 1681 4418 plures
1698 4365 1824 4406 memora
1842 4371 1931 4418 massa,
1949 4371 2062 4420 qssurnra
2079 4357 2180 4422 aliquot

571 4437 774 4490 haereremus
793 4437 877 4486 sideri
896 4441 1048 4502 porsina·
1065 4441 1237 4504 l’alletta,
1255 4441 1275 4495 1.
1293 4458 1326 4501 s,
1346 4457 1370 4496 c.
1389 4443 1518 4504 xt1,ubt
1538 4444 1572 4492 sle
1591 4445 1919 4512 atrsressibussauguiueis
1933 4447 2063 4510 esposuit,
2082 4447 2178 4498 desesi-
2258 4505 2262 4512 Ι

571 4530 613 4578 uta
628 4541 726 4587 casum,
745 4527 844 4586 inquo
862 4539 958 4586 magna
976 4529 1015 4576 sia
1033 4531 1168 4589 sangariuts
1187 4531 1216 4578 ln
1235 4531 1287 4578 bne
1306 4531 1444 4582 articulari
1463 4533 1587 4582 interiore
1606 4533 1712 4581 lemonia
1731 4535 1873 4583 insidebat.

733 4606 778 4680 (2)
798 4613 976 4676 ltreachet,
995 4615 1174 4666 obsecratiaas
1193 4627 1219 4668 et
1237 4619 1377 4667 rddeaicm
1388 4621 1491 4668 aursles
1502 4623 1775 4690 tuuessrsanapssiuea
1793 4619 1858 4669 ‹t'an
1875 4623 2006 4672 easaetdas
2024 4621 2185 4688 danisque·

569 4706 617 4772 qui
635 4704 778 4770 paroisseot
798 4701 852 4751 dtre
871 4703 916 4752 dea
933 4717 1099 4766 anauryrraea
1118 4707 1164 4754 des
1184 4707 1279 4756 artbres
1295 4709 1343 4757 dea
1361 4723 1401 4760 os.
1421 4728 1456 4748 ι-
1491 4709 1541 4756 las
1566 4708 1664 4771 Repart
1680 4710 1770 4772 gener.
1788 4705 1947 4760 sl'naatsnia
1965 4717 1993 4760 et
2010 4711 2044 4762 da
2060 4713 2175 4778 ptyatat.

569 4793 671 4862 patbol.
691 4791 768 4840 etde
787 4790 907 4853 elisique
925 4791 991 4844 ebir.
1011 4790 1082 4840 Paris
1104 4793 1181 4845 1828.
1200 4795 1231 4848 l'.
1250 4795 1286 4858 ll,
1305 4813 1330 4858 p.
1351 4795 1412 4850 142.

730 4877 772 4942 (8)
791 4879 1010 4943 batte-aaa,
1037 4879 1137 4932 obsera
1156 4897 1204 4932 sur
1223 4897 1281 4933 ase
1296 4893 1402 4933 tuma-ur
1418 4885 1613 4948 aaesrysmale,
1638 4898 1756 4949 ass-ap.
1775 4885 1808 4936 de
1825 4887 2022 4938 elmonataacaa
2046 4889 2175 4954 inoliter,

567 4971 635 5024 tutu.
653 4985 680 5034 p.
701 4967 763 5022 1³9.
