4784 5894
1391 532 1468 619 110

840 834 994 932 ossium
1016 833 1106 896 oum
1128 831 1326 896 emmens
1349 828 1557 924 monimus
1580 791 1838 918 contempno
1865 828 2004 934 mesi.
2036 827 2039 836 ¹

786 993 930 1070 Permulti
952 993 1050 1056 adhuc
1070 993 1129 1078 hac
1149 997 1221 1056 sunt
1242 991 1402 1073 opinione.
1418 989 1450 1052 ἰιι
1471 988 1583 1054 minitas
1604 987 1702 1054 libros
1724 990 1761 1052 de
1784 991 1934 1072 chirurgia
1961 996 2158 1077 conscriptos
2193 1017 2240 1062 re-

623 1133 719 1202 cepte,
741 1120 885 1185 ossiuma
904 1117 1040 1198 partibus
1055 1115 1199 1180 mollibus
1224 1114 1455 1180 denudationem
1477 1133 1548 1178 raro
1560 1119 1674 1177 tantum
1683 1113 1783 1194 prima
1804 1116 1949 1180 reuniona
1972 1119 2080 1210 serrari,
2102 1120 2241 1200 utplmi.

623 1265 705 1308 mum
717 1244 796 1308 enim
807 1242 949 1308 nccrnsin
960 1241 1090 1322 indeque
1102 1240 1350 1320 suppurationem
1362 1237 1506 1300 accedere
1529 1237 1716 1302 arbitrantes.
1761 1238 1827 1318 Ego
1849 1259 1923 1302 vero
1937 1261 2162 1322 saepenumero
2187 1264 2240 1306 va-

622 1370 735 1452 riisque
757 1367 855 1434 modis
879 1367 911 1434 in
933 1365 1081 1431 cuniculis
1104 1365 1163 1426 hoc
1186 1369 1344 1444 expertus,
1366 1381 1492 1442 semper
1508 1361 1598 1424 linem
1620 1368 1776 1428 assecutus
1798 1381 1865 1426 sum
1887 1363 2014 1430 felicem.
2060 1371 2144 1435 Cute
2169 1369 2240 1434 inde

623 1494 664 1556 ah
685 1513 755 1557 csse
778 1490 914 1573 occipitis
936 1508 1032 1571 usque
1057 1487 1250 1552 adradioem
1273 1485 1339 1548 nesi
1361 1484 1538 1548 secundum·
1556 1484 1774 1564 longitudinem
1798 1505 1894 1568 usque
1921 1489 2080 1571 adipsum
2103 1513 2145 1558 os
2169 1513 2241 1575 per.

622 1624 713 1693 seetn
736 1617 919 1696 perioneum
941 1631 1031 1696 quam
1060 1612 1127 1674 fieri
1149 1616 1274 1692 poterat
1302 1609 1531 1674 accuratissime.
1557 1613 1745 1689 separatum,
1772 1609 1865 1672 horae
1895 1611 2017 1678 dimidia
2044 1617 2095 1679 vel
2124 1627 2239 1700 quarm

623 1748 709 1822 perte
736 1740 969 1820 praeterlapsi,
993 1736 1177 1816 reponebam
1201 1740 1290 1816 atque
1311 1733 1551 1797 vulnus-sutura
1570 1736 1698 1794 cruenta
1718 1732 1870 1811 uniebam,
1901 1731 2086 1822 semperque
2107 1743 2235 1806 matio

625 1865 885 1946 consequebaturp
908 1880 1003 1942 porro
1026 1859 1213 1940 periostenm-
1233 1857 1355 1920 exseoui
1378 1857 1535 1938 ipsamque
1557 1861 1655 1921 cutem
1678 1855 1741 1930 essi
1762 1856 1908 1938 imposui,
1931 1880 1994 1924 nou
2021 1865 2122 1928 mimus
2157 1867 2240 1929 felici

624 2009 695 2052 cum
717 1986 937 2067 erentupqmn
960 1985 1059 2064 ipsum
1082 1983 1171 2044 etiam
1194 2001 1230 2044 os
1252 1981 1294 2044 ita
1315 1981 1486 2057 vulneravi,
1516 1986 1550 2042 nt
1571 1981 1635 2045 lere
1657 1985 1751 2043 totam
1781 1978 1921 2047 taurinam
1950 1993 2103 2050 externam
2136 1989 2239 2052 csdhu
2281 2075 2282 2082 ἵ

626 2113 819 2186 abscideram,
843 2130 879 2171 ac
901 2107 996 2171 nihilo
1019 2108 1117 2168 minus
1141 2105 1329 2168 sanationem
1351 2103 1457 2184 perfici
1479 2103 1551 2166 udi
1597 2107 1697 2184 Quum
1720 2103 1829 2184 post'ea
1850 2105 1960 2170 vulnus
1975 2117 2113 2174 sananim
2136 2111 2238 2195 inqui-

624 2257 737 2314 rerem,
758 2235 835 2298 cnh‘s
857 2234 978 2313 semper
1000 2231 1153 2312 aliquanto
1183 2229 1297 2290 firmius
1320 2227 1430 2295 aduste
1458 2233 1545 2302 erat,¹
1559 2244 1617 2288 uec
1645 2225 1775 2307 amplius
1803 2233 1864 2290 tam
1893 2230 1995 2309 facile,
2025 2253 2117 2316 quam
2147 2255 2234 2312 sana,

624 2362 696 2424 loco
721 2379 778 2422 suo
802 2356 916 2420 moveri
938 2359 1072 2436 peterem
1095 2352 1278 2432 periosteum
1302 2350 1433 2412 crassius
1456 2356 1487 2411 ct
1508 2349 1622 2412 firmius
1637 2350 1708 2414 ‘ossi
1730 2351 1895 2416 adhaerens
1918 2357 2096 2436 apparebam
2126 2361 2155 2424 si
2179 2379 2231 2422 ex·

626 2490 741 2546 sectum
764 2483 868 2557 luerat,
881 2479 922 2546 in
944 2479 1011 2556 ejus
1033 2475 1136 2538 locum
1159 2473 1219 2536 tela
1242 2473 1351 2550 densa,
1374 2472 1524 2536 cellnlosa
1546 2480 1690 2548 cesserat,
1713 2473 1767 2536 sed
1789 2495 1825 2536 ea
1847 2477 1991 2558 singulari
2013 2481 2112 2545 nitore
2136 2483 2236 2548 tendi·

627 2629 700 2670 num
723 2601 948 2678 carenspossis
971 2598 1148 2681 superficies
1171 2617 1293 2678 semper
1313 2595 1482 2678 inaequalis
1505 2601 1535 2658 et
1558 2615 1675 2677 aspera,
1696 2603 1786 2680 atque
1806 2619 1863 2680 per
1884 2608 1979 2667 totum
2000 2603 2103 2668 locum
2126 2607 2233 2672 vulne.

626 2739 725 2794 rahrm
746 2736 841 2794 strato
863 2725 947 2790 tenui
970 2722 1042 2786 calli
1065 2741 1170 2786 recens
1194 2721 1293 2784 exorti
1316 2727 1463 2802 cooperta
1486 2727 1559 2784 erat

728 2917 734 2924 ,
757 2915 759 2922 ⁴
785 2853 889 2934 ltaque
919 2849 1034 2913 ossium
1062 2847 1280 2911 denudationes
1298 2864 1410 2926 ‘aeque
1440 2844 1528 2908 facile
1551 2864 1588 2908 ac
1609 2845 1735 2911 vulnera
1756 2847 1885 2928 partium
1908 2851 2044 2914 modium
2066 2855 2168 2935 primp
2189 2856 2234 2918 in·

626 2980 760 3044 tentione
783 2981 941 3047 sananturr
975 2973 1067 3035 immo
1090 2971 1147 3036 hac
1169 2989 1236 3032 sum
1259 2969 1420 3046 sententia,
1452 2969 1477 3030 si
1500 2968 1621 3050 quando
1643 2945 1770 3033 vulnera
1792 2979 1919 3035 connisa
1940 2977 2052 3038 reuniri
2074 2997 2138 3042 non
2162 2999 2233 3062 pos·

626 3105 695 3178 siut,
718 3100 852 3182 pertibus
874 3099 933 3160 hec
956 3094 1099 3158 mollibus
1128 3093 1318 3174 potissimum
1339 3091 1531 3156 tribuendum
1552 3111 1634 3168 esse,
1656 3101 1690 3155 ut
1711 3113 1788 3175 quae
1811 3095 1851 3158 ad
1872 3098 2038 3179 simplicem
2060 3103 2233 3166 exsudatio-

627 3247 697 3290 nem
721 3220 909 3286 efficiendam
931 3238 994 3280 non
1017 3216 1146 3297 amplius
1169 3215 1296 3278 idoneae
1318 3215 1392 3292 sint,
1415 3216 1519 3280 autin
1542 3216 1650 3299 quibus
1673 3218 1756 3299 quod
1778 3221 1955 3284 exsudetum
1978 3231 2032 3299 est,
2054 3245 2118 3290 uon
2143 3247 2230 3306 orga-

626 3351 754 3421 nisetur3
777 3366 839 3428 quo
862 3344 908 3420 lit,
930 3349 972 3418 ut,
994 3361 1086 3424 quum
1108 3359 1252 3402 vasorum
1274 3339 1352 3401 inter
1373 3357 1406 3402 se
1429 3340 1600 3407 communio
1623 3361 1686 3404 non
1708 3341 1875 3421 reficiatur,
1903 3365 1939 3408 us
1961 3347 1993 3410 in
2015 3351 2158 3413 necrosin
2181 3369 2230 3414 ne-

626 3471 759 3538 cessario
783 3470 882 3542 abent3
915 3465 1156 3540 videmusenim‚
1187 3483 1258 3526 ossa
1280 3462 1321 3524 ita
1347 3463 1435 3524 etiam
1465 3462 1562 3539 laesa,
1584 3463 1629 3526 oti
1651 3484 1721 3527 raro
1751 3473 1852 3546 partes
1874 3470 1998 3548 molles,
2020 3492 2076 3552 per
2102 3475 2230 3554 primam

625 3597 821 3662 intentionem·
842 3611 934 3673 saepe
956 3588 1065 3664 sanari,
1087 3595 1121 3650 ut
1142 3587 1173 3648 in
1196 3585 1334 3648 fracturis
1353 3585 1542 3654 cornminutis
1559 3593 1659 3666 partes
1675 3587 1831 3667 abscissos,
1854 3611 1940 3674 qnae,
1962 3595 2018 3658 etsi
2036 3614 2056 3657 a
2074 3599 2230 3678 periosteo

625 3730 656 3786 et
678 3741 696 3782 a
719 3717 850 3783 medulla
871 3735 997 3798 prorsus
1021 3719 1187 3794 separatae,
1209 3711 1309 3794 itaque
1332 3731 1401 3772 cnm
1427 3717 1590 3791 systemate
1620 3731 1763 3776 vesorum
1792 3715 1844 3779 vix
1877 3717 2008 3798 amplius
2038 3720 2231 3786 cohaerentes

623 3853 724 3910 tamen
746 3849 854 3925 postea
874 3841 906 3903 in
929 3839 1049 3904 ossibus
1071 3837 1183 3900 senatis
1206 3835 1286 3898 cello
1310 3836 1416 3899 insitae
1439 3835 1638 3916 reperiuntur.

1006 4045 1251 4108 FRAGTURAE
1274 4047 1438 4109 ossium.
1482 4045 1701 4110 FORMATIO
1726 4047 1850 4113 CAle.
1945 4059 1948 4066 ’

788 4207 892 4272 Callus
916 4209 1040 4289 (πῶρος)
1065 4223 1101 4266 ea
1122 4209 1250 4266 vocatur
1272 4202 1437 4266 substantia
1460 4221 1556 4279 ossea,
1578 4223 1639 4287 qua
1661 4207 1775 4270 ossium
1798 4209 1961 4273 tractorum
1983 4213 2137 4294 perficitur
2159 4233 2226 4278 reu·

627 4337 696 4408 nio;
718 4334 854 4397 exoritur
877 4330 1110 4392 inflammatione
1132 4326 1260 4408 simplici
1284 4327 1466 4404 exsudativa,
1494 4335 1584 4411 atque
1606 4332 1708 4413 quoad
1731 4333 1876 4414 originem
1899 4336 1990 4399 etad
2020 4336 2111 4400 linem
2138 4358 2225 4420 pror-

627 4479 680 4524 sus
701 4455 865 4536 respondet
886 4455 1076 4515 membranae
1095 4453 1147 4529 illi,
1171 4472 1249 4534 quae
1267 4451 1432 4512 secundum
1451 4453 1634 4516 recentiores
1654 4455 1880 4520 observationes
1898 4459 2027 4540 partium
2046 4461 2135 4524 etiam
2149 4459 2224 4524 mol·

626 4582 701 4644 lium
727 4579 904 4643 reunicnem
927 4576 1027 4638 ellicit.
1081 4577 1157 4638 Oum
1180 4596 1251 4640 ossa
1275 4547 1369 4637 fracta
1391 4575 1449 4638 situ
1473 4576 1650 4658 plerumque
1680 4578 1774 4659 magis
1803 4558 1938 4644 minusue
1965 4581 2091 4666 obliquo
2119 4585 2223 4648 iterum

627 4708 862 4786 conjungantur,
885 4701 984 4780 major
1006 4699 1222 4779 utplurimum
1244 4698 1426 4762 substantiae
1449 4699 1659 4764 intercedentis
1681 4709 1841 4785 partesque
1864 4706 1973 4769 lraatas
1995 4707 2074 4770 inter
2095 4727 2129 4771 sa
2153 4711 2222 4790 jun·

626 4829 722 4912 gentis
745 4833 790 4890 cst
811 4825 914 4905 copie,
937 4843 1026 4906 quem
1049 4823 1080 4883 in
1103 4822 1237 4902 partibus
1259 4821 1416 4894 mollibns;
1441 4841 1502 4904 quo
1531 4823 1641 4886 lactum
1664 4831 1724 4902 est,
1747 4831 1781 4887 nt
1803 4827 1899 4892 callus
1922 4829 1953 4890 in
1982 4829 2102 4896 ossibus
2123 4829 2222 4896 fractis

626 4953 765 5018 exoriens
789 4947 1001 5031 antiquissimis
1021 4949 1085 5028 jam
1109 4946 1293 5030 temporibus
1317 4953 1559 5024 cognosceretur.
1606 4950 1757 5029 Quoniam
1779 4953 1959 5031 sententiae,
1982 4975 2059 5037 quae
2082 4955 2120 5018 de
2143 4953 2222 5018 omni
