4856 5896
584 669 744 753 mperie'e
767 673 797 728 at
820 666 934 749 passim
956 671 1071 727 mubnu
1092 663 1171 726 luter
1193 663 1383 728 eumenus
1406 667 1544 730 lamellas
1567 667 1678 730 circum
1701 667 1805 730 tubum
1826 666 2023 730 medullarem
2035 667 2195 733 meum·

583 805 634 858 tes
657 791 848 874 deprehendi.
894 790 928 851 lu
949 789 1048 866 ranis,
1081 789 1243 871 inquibus
1266 807 1331 852 non
1355 792 1465 856 adsunt
1487 789 1647 854 mnalieuli
1669 790 1919 872 longitudinales,
1948 792 1979 854 in
2001 793 2122 856 ossibus
2144 807 2197 856 ex·

584 918 765 980 tremitumm
786 913 929 978 lurrellae
949 931 1011 976 nou
1034 911 1113 976 aliae
1134 909 1191 975 nisi
1215 929 1295 994 quae
1318 915 1423 977 mlum
1445 915 1643 977 medullarem
1666 914 1796 995 oingxmt,
1820 915 2022 996 reperiuntur.

745 1041 963 1101 Uortumnum
986 1035 1183 1116 longitudinis
1207 1037 1402 1113 incremento,
1426 1038 1596 1101 crassitudo
1618 1035 1717 1102 adbuo
1739 1047 1879 1119 augetur,
1901 1039 1974 1121 quin
1997 1041 2074 1102 ossis
2096 1037 2197 1104 lorma

478 1235 486 1257 ἱ
585 1167 640 1226 boo
666 1163 851 1225 dimensione
874 1160 1029 1240 decrepita
1050 1160 1140 1221 etiam
1164 1167 1263 1223 aetate
1285 1170 1432 1244 utusque
1455 1163 1495 1223 ad
1517 1162 1596 1224 diem
1618 1163 1698 1224 vitae
1720 1179 1895 1244 supremum
1918 1164 2026 1225 mutari
2048 1181 2111 1226 nou
2141 1164 2195 1226 de·

584 1288 654 1350 sinit
676 1287 738 1367 (l).
783 1285 887 1348 'l‘nbns
910 1281 1085 1346 uiedullaris
1108 1284 1204 1364 magis
1234 1287 1390 1367 magisque
1419 1284 1631 1366 amplificatur,
1660 1291 1766 1368 atque,
1795 1303 1889 1367 quum
1918 1287 2133 1349 incrementum
2161 1287 2195 1349 iu

585 1409 744 1492 superliole
766 1427 830 1471 uon
854 1408 982 1488 amplius
1005 1407 1159 1488 procedat,
1184 1419 1289 1472 oortex
1311 1411 1345 1471 iit
1367 1411 1502 1483 tenatiom
1524 1407 1621 1472 oollae
1642 1407 1828 1472 substantiae
1849 1409 2034 1490 spongiosos
2065 1407 2195 1475 dilatau-

584 1545 642 1611 mr,
665 1534 769 1615 diploii
791 1533 905 1596 οεείιιιιι
928 1531 1021 1593 cranii
1045 1539 1075 1592 et
1096 1532 1196 1612 pelvis
1218 1531 1359 1615 disparet,
1380 1553 1438 1596 nee
1459 1532 1623 1615 quidquam
1644 1549 1736 1614 saepe
1757 1532 1789 1594 in
1823 1531 1870 1595 his
1892 1533 1950 1594 nisi
1978 1533 2074 1596 tenuis
2102 1551 2197 1616 quae·

584 1659 655 1720 dana
678 1656 800 1719 lamella
821 1675 910 1720 ossea
932 1655 1010 1717 dura
1030 1655 1218 1739 relinquitur,
1241 1666 1370 1739 quae-et
1392 1659 1458 1738 ipsa
1480 1658 1511 1718 iu
1534 1672 1605 1719 osse
1626 1655 1678 1718 ilai
1699 1655 1780 1718 baud
1802 1673 1874 1718 raro
1897 1657 2078 1733 resorbetur,
2099 1657 2194 1720 utio-

584 1799 689 1844 manen
712 1781 820 1842 existat
841 1778 911 1842 solo
934 1757 1088 1860 periosteo
1112 1781 1272 1842 obtectum.
1318 1782 1426 1843 Evenit
1447 1782 1537 1842 etiam
1558 1797 1665 1860 saepe,
1695 1787 1730 1841 ut
1751 1785 1910 1861 compacta
1931 1780 2047 1842 ossium
2068 1780 2191 1843 tribulo-

585 1908 691 1968 sorum
720 1903 885 1966 substantia
912 1902 1013 1964 laxior
1041 1903 1112 1979 fiat,
1140 1905 1167 1964 b.
1192 1924 1228 1978 a,
1253 1911 1289 1965 ut
1319 1903 1479 1966 canaliculi
1501 1903 1722 1984 amplificentur
1743 1909 1833 1986 atque
1861 1903 1896 1965 in
1912 1902 2006 1964 uellus
2032 1911 2193 1966 mouumr.

587 2027 734 2090 blaxillae
756 2027 945 2102 minuuntur,
975 2026 1056 2087 unde
1078 2027 1108 2087 iu
1131 2027 1253 2089 senibus
1275 2027 1429 2106 longiores
1453 2034 1599 2107 apparent
1621 2025 1740 2102 derlee,
1770 2033 1874 2108 atque,
1904 2026 2061 2090 deliciante
2081 2028 2192 2091 sendra

585 2151 694 2227 stabili,
717 2151 766 2212 eui
788 2149 918 2212 insidere
942 2151 1068 2229 possint,
1091 2151 1247 2226 exoidunt,
1270 2169 1331 2232 quo
1355 2151 1451 2227 laeto,
1474 2149 1611 2212 alveolae
1634 2167 1761 2230 prorsam
1782 2149 1944 2229 disparent.
1998 2151 2081 2212 llaec
2110 2159 2190 2214 atro·

585 2275 657 2354 pbia
678 2273 756 2336 telae
779 2291 886 2335 osseae
908 2273 941 2332 in
963 2292 1056 2335 eausa
1078 2281 1130 2346 est,
1154 2280 1209 2332 'our
1229 2274 1322 2335 totius
1344 2273 1447 2335 sceleti
1470 2275 1500 2334 in
1523 2274 1648 2335 senibus
1671 2273 1852 2334 dinriuuatur
1870 2271 2000 2354 pondus,
2023 2273 2096 2336 dum
2118 2293 2190 2356 pro·
2215 2351 2217 2356 Ι

587 2407 654 2476 pter
675 2400 830 2476 maJ'orem,
853 2415 943 2478 quam
965 2396 1126 2469 eontinent,
1150 2394 1297 2456 paleariae
1319 2397 1438 2476 eopiam
1461 2403 1587 2475 augetur
1609 2395 1724 2458 ossium
1752 2395 1873 2476 pondus
1889 2395 2084 2478 'specilioum3
2114 2415 2190 2481 quae

587 2537 636 2584 res
659 2528 803 2601 utraeque
826 2520 947 2595 iaciunt,
970 2527 1005 2580 ut
1026 2537 1097 2580 ossa
1119 2538 1157 2579 ex
1180 2519 1287 2580 ordine
1303 2526 1427 2581 uattnae
1450 2520 1545 2599 magis
1569 2519 1687 2598 fragilia
1709 2519 1776 2580 sint.

747 2645 870 2704 Praeter
891 2643 1062 2706 facultatem
1085 2655 1152 2704 sese
1174 2643 1325 2704 nutriendi
1347 2643 1425 2704 telae
1447 2661 1554 2706 osseae
1576 2643 1702 2719 insitam,
1725 2659 1815 2723 quam
1837 2643 1975 2704 Biebat
1990 2641 2042 2724 (2)
2072 2647 2190 2708 vocavit

591 2761 779 2828 „sensibilite
801 2767 1003 2848 organique«‚
1028 2767 1153 2828 alteram
1175 2766 1224 2827 bie
1246 2766 1342 2828 eidem
1366 2767 1498 2828 attribuit
1520 2767 1631 2828 sensim
1653 2783 1721 2827 sese
1743 2765 1922 2826 extendendi
1943 2769 2189 2842 etimne-aliendi

586 2890 734 2971 quatiat,
757 2897 819 2951 tum
842 2897 876 2952 ut
898 2890 981 2951 sinus
1004 2889 1170 2952 maxillaris
1192 2888 1309 2968 polypo
1333 2889 1365 2948 in
1389 2909 1426 2952 eo
1451 2897 1612 2965 crescente,
1635 2909 1743 2950 cavum
1765 2888 1859 2950 cranii
1881 2888 2106 2972 hydroceplralo
2129 2901 2184 2956 ote.

586 3012 800 3092 amplificetur,
830 3021 893 3073 tum
923 3019 957 3072 ut
979 3021 1094 3073 remota
1117 3010 1299 3073 extensionis
1329 3031 1421 3072 eausa
1443 3012 1526 3074 siuns
1548 3011 1711 3074 maxillaris
1735 3011 1774 3072 ad
1795 3011 1954 3091 pristinum
1976 3012 2117 3076 ambitum
2139 3033 2187 3077 re-

586 3136 663 3209 deat,
689 3135 787 3196 orbita
809 3141 880 3215 post
904 3135 1151 3214 exstirpationem
1173 3135 1256 3196 bulbi
1283 3135 1314 3195 in
1344 3134 1454 3197 arctius
1483 3135 1692 3212 contrahatur,
1720 3135 1857 3196 foramen
1887 3137 2021 3215 optioum
2051 3139 2188 3220 atrophia

585 3259 670 3319 nervi
694 3258 785 3337 optioi
808 3265 987 3334 coarctetur,
1010 3257 1120 3319 alveoli
1144 3257 1285 3319 extractis
1315 3258 1452 3320 dentibus
1483 3259 1687 3319 diminuantur
1709 3263 1765 3319 ete.
1811 3261 1898 3338 Quae
1926 3259 2028 3321 omnia
2053 3263 2188 3341 pbaeno·

585 3401 674 3442 mena
696 3389 794 3442 utrum
817 3399 923 3442 revera
945 3380 1035 3441 telam
1067 3401 1184 3443 osseam
1213 3382 1332 3443 extendi
1363 3391 1393 3442 et
1423 3382 1564 3443 eontralri
1587 3400 1686 3462 posse.
1707 3381 1921 3462 eomprobent,
1950 3399 1989 3443 au
2017 3384 2188 3447 nutritionis

585 3505 686 3584 potins
710 3504 935 3586 quodammodo
958 3512 1088 3566 mutatae
1111 3505 1219 3566 rationi
1243 3505 1400 3566 tribuenda
1422 3506 1488 3580 sint,
1512 3503 1721 3566 difficillimum
1742 3503 1972 3583 estdijudieatu.
1985 3537 2026 3554 -
2040 3507 2186 3588 Scarpa

586 3628 624 3688 ad
648 3628 854 3709 explicandam
878 3628 1134 3709 regenerationem
1158 3629 1218 3690 vim
1241 3630 1435 3710 expansionis
1458 3628 1640 3708 singularem
1664 3626 1783 3690 ossibus
1806 3628 1904 3690 inesse
1926 3628 2028 3702 sumit3
2057 3649 2117 3711 qua
2147 3633 2186 3694 de

584 3769 626 3826 re,
649 3761 682 3814 ut
705 3754 742 3815 de
764 3773 911 3833 processu
935 3753 1175 3829 inflammatorio,
1198 3773 1235 3814 ea
1257 3754 1344 3815 adeat
1367 3752 1470 3829 lector,
1494 3771 1571 3834 qnae
1594 3753 1625 3812 in
1647 3761 1733 3830 parte
1755 3751 1888 3812 secunda
1911 3750 2054 3814 dicentur.

745 4031 785 4096 (l)
806 4033 926 4095 nitrea,
946 4036 1129 4098 Verltndernng
1147 4037 1192 4084 des
1212 4037 1462 4099 la'noenengewebes
1482 4039 1517 4084 im
1537 4037 1618 4095 Alter,
1639 4053 1662 4088 r.
1682 4035 1801 4084 Markala
1821 4036 1926 4085 trebir.
1951 4035 1998 4086 nd.
2019 4039 2048 4089 l'.
2076 4055 2099 4099 p.
2120 4037 2181 4092 451.

585 4121 632 4176 uti.
652 4122 696 4172 vr.
716 4137 741 4184 p.
760 4121 825 4173 aot.
2028 4119 2032 4130 '

744 4210 881 4274 Weber,
900 4215 976 4262 Anat.
996 4214 1044 4262 lm.
1064 4213 1099 4266 ll.
1120 4230 1143 4276 p.
1162 4211 1197 4262 39
1217 4222 1242 4260 et
1263 4212 1323 4266 1³1.

747 4291 788 4362 (⁸2)
808 4299 942 4361 bichor,
961 4303 980 4353 l.
1001 4319 1023 4354 c.
1043 4303 1071 4352 Τ.
1093 4303 1127 4354 ll.
1148 4319 1172 4364 p.
1196 4301 1254 4350 llil.

1144 4561 1629 4597 m
