4784 5894
1271 515 1274 520 “
1369 503 1445 582 160

606 719 806 786 nullomodo
829 721 1002 799 coirjuncto,
1025 718 1230 800 effingebatur.
1276 719 1462 783 Troclranter
1486 719 1584 787 namot
1607 731 1894 804 tanquamcentrum
1918 722 2091 784 eratcmrcis
2116 732 2147 782 et
2171 741 2224 782 ca-

605 845 675 926 pitis
699 845 868 910 articularis
892 864 1015 908 munere
1038 843 1233 923 fungebatur,
1256 843 1368 926 quippe
1389 861 1467 908 cavo
1491 845 1644 925 profundo
1667 845 1697 908 in
1721 847 1781 908 bne
1803 849 1959 926 fragmenti
1983 848 2138 910 bnerioris
2171 865 2224 908 ex·

606 977 676 1039 orto
699 976 728 1032 et
738 971 859 1035 lamella
871 969 1062 1048 cartilaginea
1082 968 1214 1031 obducto
1227 967 1394 1032 inhaerens.
1429 969 1580 1037 Teradines
1592 985 1686 1034 aarum.
1700 971 1836 1050 psoadioi
1847 979 1878 1034 et
1888 971 1968 1034 iliaci
1980 971 2041 1036 imo
2056 992 2133 1036 caro
2147 971 2223 1034 arti-

609 1097 704 1161 oulari
714 1115 820 1158 recolas
832 1101 900 1156 orto
912 1092 996 1157 infixi
1009 1102 1094 1155 erant
1114 1093 1280 1174 eodemque
1299 1093 1385 1173 quasi
1403 1112 1537 1168 munere,
1560 1111 1621 1177 quo
1634 1093 1826 1173 ligamentum
1839 1102 1916 1160 terea
1929 1097 1959 1158 in
1972 1095 2099 1160 articulo
2111 1115 2222 1166 coxae.

609 1220 819 1299 fungebantur.
841 1217 1015 1297 Amergiue
1027 1217 1161 1298 elliptico
1174 1216 1342 1296 lruJuscavi
1354 1217 1640 1300 capsulaquamlam
1652 1201 1869 1299 aponeurotica
1889 1222 1937 1284 vel
1958 1221 2156 1302 ligamentosa
2167 1243 2219 1284 ae-

558 1323 560 1330 ’
608 1344 757 1424 surgebat,
780 1362 860 1426 quae
871 1343 1088 1422 troclrauterern
1102 1343 1246 1418 majorem
1263 1340 1411 1420 cingebat,
1445 1341 1529 1404 Finis
1542 1343 1700 1422 fragmenti
1711 1344 1878 1424 superioris
1891 1345 2100 1408 obturamento
2114 1347 2221 1415 denso,

611 1468 804 1548 cartilaginea
818 1467 865 1552 (Τ)
879 1467 1000 1542 claaasus
1013 1473 1086 1528 eret.
1121 1465 1268 1531 l'erseotis
1281 1466 1463 1544 fragmentis,
1479 1465 1637 1531 anrborum
1648 1467 1723 1531 fines
1735 1475 1829 1534 strato
1841 1489 1932 1532 osseo
1941 1471 1976 1532 in
1988 1459 2146 1552 superficie
2159 1481 2222 1534 tam

611 1595 727 1656 interna
750 1590 1146 1674 qnam-externacocperti
1170 1591 1364 1672 apparebant.
1410 1589 1578 1672 Coquendo
1601 1598 1632 1698 et
1654 1611 1713 1674 ope
1736 1593 1813 1656 acidi
1835 1595 1935 1658 uitrici
1956 1596 2121 1677 perbreve
2144 1607 2222 1660 tem-

610 1738 669 1800 pus
698 1717 940 1781 obturamentum
969 1715 1045 1783 ulna
1073 1715 1298 1794 cartilagineum
1327 1721 1358 1778 et
1380 1731 1495 1790 masse,
1525 1735 1601 1798 quae
1631 1736 1736 1782 cavum
1770 1719 1929 1780 articulare
1959 1721 2108 1784 formabat
2130 1731 2157 1784 et
2188 1723 2219 1784 in

609 1845 808 1922 fragmentum
831 1840 954 1904 inferius
978 1839 1079 1902 itidem
1102 1847 1242 1920 tanquam
1266 1839 1404 1902 embolus
1427 1839 1616 1916 imminebat,
1646 1847 1708 1904 tota
1738 1844 1875 1920 secessit,
1912 1845 1954 1906 ita
1975 1853 2008 1907 ut
2037 1847 2220 1928 fragmento·

611 1989 677 2030 nrm
693 1969 776 2042 fines,
799 1966 885 2048 quasi
907 1971 976 2026 anto
990 1964 1089 2029 ¹breue
1112 1971 1229 2044 tempus
1249 1964 1343 2037 fracti,
1366 1983 1492 2044 prorsus
1516 1981 1576 2030 non
1603 1967 1705 2029 mutati
1729 1974 1962 2048 apparerent.-.
2009 1973 2076 2034 lluc
2099 1993 2218 2055 quoqne

612 2092 768 2156 referenda
799 2089 916 2152 aidemr
944 2089 1075 2155 tractum
1104 2087 1176 2150 colli
1205 2087 1327 2152 femoris
1350 2107 1412 2150 nou
1436 2090 1567 2165 renuita,
1590 2111 1679 2172 quam
1703 2092 1906 2156 Sandilort
1928 2095 1979 2177 (l)
2009 2095 2157 2178 tepente
2187 2099 2217 2158 in

612 2217 751 2282 inferiore
774 2214 852 2278 eninr
886 2215 1055 2294 fragmento
1088 2231 1195 2276 carum
1223 2212 1317 2275 altum
1339 2219 1437 2276 ortum
1468 2221 1545 2290 crat,
1580 2233 1641 2296 quo
1664 2217 1863 2296 prominentia
1886 2219 2032 2300 quaedam
2054 2239 2094 2286 ex
2123 2224 2216 2304 capite

611 2342 761 2423 producta
782 2339 825 2402 ita
845 2337 1061 2412 continebatur,
1083 2343 1117 2402 nt
1139 2354 1228 2418 aeger
1251 2345 1357 2418 postea
1379 2337 1526 2412 incedere,
1548 2338 1619 2401 licet
1641 2339 1776 2418 dandus,
1798 2344 1938 2422 potuerit.

776 2464 802 2528 E
824 2480 936 2526 novem
958 2460 1091 2526 articulis
1113 2469 1233 2541 praeter
1249 2468 1401 2537 ‚naturam
1425 2463 1455 2524 in
1478 2463 1697 2544 experimentis,
1720 2485 1798 2548 qnae
1821 2469 2072 2551 Breschet(2)
2097 2471 2136 2534 dc
2158 2476 2214 2535 lor-

615 2587 829 2659 mationacelli
852 2587 985 2664 instituit,
1007 2585 1128 2660 exortis,
1151 2592 1213 2648 tres
1235 2585 1278 2650 nil
1301 2595 1421 2666 praeter
1443 2587 1603 2667 ligamenta
1627 2589 1782 2671 quaedam,
1804 2592 2037 2673 fragmentorum
2051 2597 2128 2658 fines
2144 2617 2213 2660 con·

614 2715 745 2790 tinentia,
773 2712 881 2794 reliqui
904 2731 978 2774 uero
1001 2729 1106 2774 omnes
1129 2729 1235 2772 carram
1260 2711 1418 2772 articulare
1442 2712 1513 2775 satis
1537 2713 1725 2776 manifestum
1748 2717 1962 2800 capsulamqne
1990 2718 2213 2799 ligamentosam

612 2842 644 2902 in
682 2837 793 2901 acubitu
823 2838 970 2898 fracturae
1001 2837 1129 2898 effictam
1159 2835 1345 2898 exhibebant.
1395 2835 1527 2898 Primum
1556 2837 1728 2918 hujusmodi
1760 2842 1931 2922 exemplum
1959 2845 2149 2907 Breschet
2187 2847 2212 2906 in

613 2983 702 3039 carte,
726 2963 757 3024 in
786 2981 847 3043 quo
879 2960 983 3022 diebus
1007 2968 1077 3040 post
1098 2960 1207 3022 factam
1231 2961 1390 3022 fracturam
1413 2961 1583 3024 octodecim
1612 2963 1778 3042 fragmenta
1801 2965 1897 3028 abhuc
1920 2986 2064 3050 perquam
2098 2969 2216 3033 mobilia

614 3095 714 3161 erant,
737 3085 888 3164 coguovit.
934 3083 1008 3146 Tela
1031 3082 1192 3159 cellulosa,
1214 3084 1361 3158 musculi,
1382 3084 1566 3164 periosteum
1589 3092 1619 3147 et
1643 3088 1756 3150 caralis
1779 3089 1952 3154 medullaris
1975 3111 2011 3154 ea
2034 3103 2121 3156 mant
2147 3113 2215 3156 oon-

617 3212 738 3286 ditione,
761 3207 880 3290 qualem
904 3209 1052 3271 fracturae
1075 3207 1226 3286 simplices
1248 3207 1302 3270 illo
1326 3216 1461 3301 temporo
1484 3209 1623 3272 exhibere
1647 3211 1759 3286 solent;
1783 3215 1860 3276 inter
1881 3216 2046 3295 fragmenta
2069 3239 2143 3282 vero
2169 3241 2214 3282 m-

614 3353 687 3401 vum
710 3339 864 3414 repertum
893 3339 952 3407 est,
974 3333 1062 3411 cnjus
1086 3331 1214 3412 parietes
1237 3333 1336 3394 stratis
1360 3339 1490 3414 quatuor
1512 3333 1590 3396 inter
1611 3355 1645 3398 se
1676 3337 1817 3414 diversis,
1839 3341 1950 3402 sensim
1972 3360 2046 3404 vero
2070 3343 2166 3406 altero
2188 3345 2214 3404 in

616 3461 744 3525 altarum
772 3463 959 3532 camerinae,
990 3456 1151 3536 compositi
1178 3465 1278 3528 ereum
1308 3463 1432 3519 stratum
1464 3457 1606 3520 extimum
1635 3461 1792 3523 constabat
1819 3463 1880 3524 tela
1910 3464 2057 3528 cellulosa
2080 3468 2216 3530 densiore

616 3589 708 3661 faeta,
738 3585 800 3649 fere
828 3581 983 3656 larclecea,
1013 3595 1091 3662 quae
1120 3579 1200 3642 intus
1228 3599 1297 3641 cnm
1327 3586 1421 3642 strato
1452 3580 1557 3658 altero,
1578 3585 1771 3647 consistentia
1794 3597 1823 3648 et
1846 3589 1946 3669 specie
1969 3591 2099 3660 fibroso.
2122 3613 2215 3674 neque

615 3731 689 3774 vero
721 3708 811 3772 fibras
852 3706 924 3768 satis
965 3703 1138 3768 manifestas
1178 3705 1366 3780 continente,
1404 3705 1569 3768 arctissime
1598 3710 1792 3782 coliaerebatr
1823 3714 2004 3794 sequebatur
2032 3715 2092 3776 tela
2129 3737 2216 3799 qnae·

616 3839 683 3898 dani
719 3833 801 3906 alba,
836 3833 898 3896 fere
933 3827 1141 3910 cartilaginea,
1176 3847 1253 3909 quae
1288 3848 1350 3892 uno
1385 3837 1499 3892 tantum
1523 3831 1615 3894 latere
1639 3833 1754 3904 aderet,
1789 3855 1825 3896 ac
1859 3837 1987 3918 «lenique
2021 3839 2080 3900 tela
2111 3841 2216 3914 mollis,

616 3955 796 4027 rubicunda,
831 3962 920 4014 torrne
954 3961 1069 4016 tantum
1103 3959 1227 4016 stratum
1261 3953 1405 4032 effingens
1440 3955 1595 4036 ipsamque
1629 3958 1784 4020 cavitatem
1815 3960 1945 4040 cingens.
1992 3963 2124 4026 Parietes
2155 3967 2216 4026 cari

616 4082 696 4144 intus
730 4075 887 4141 rubicundi
921 4081 951 4136 et
983 4075 1097 4139 humidi
1130 4082 1230 4149 erent,
1274 4082 1363 4157 atque
1398 4077 1571 4140 enrinentias
1605 4081 1795 4158 exhibebant,
1829 4085 2058 4148 carnrrcularnm
2100 4089 2216 4157 sinaites.

618 4205 665 4266 bic
700 4201 761 4268 illio
797 4199 874 4265 iuter
908 4199 1144 4278 fragmentorum
1178 4198 1253 4264 fieres
1286 4199 1442 4263 demissae.
1498 4203 1559 4282 lpsi
1594 4205 1668 4266 finos
1710 4205 1858 4269 fracturae
1901 4209 2024 4272 omnino
2057 4211 2146 4274 liberi
2189 4215 2216 4274 in

619 4327 791 4398 ‹ear-itaterrr,
835 4343 924 4405 quam
959 4323 1029 4398 disi,
1071 4321 1276 4396 imminebant,
1318 4329 1347 4384 et
1380 4325 1545 4402 rotundat,
1585 4327 1680 4410 glabri
1721 4329 1783 4392 fere
1818 4332 2021 4413 cartilaginum
2057 4336 2095 4396 aa
2131 4338 2219 4398 irrstm

618 4449 703 4514 nitidi
738 4447 935 4528 apparebant:
970 4465 1067 4529 nequo
1101 4453 1199 4508 tamen
1234 4446 1417 4509 snbstmrtiae
1451 4451 1660 4532 cartilaglneae
1688 4455 1736 4516 vel
1772 4455 1936 4536 cartilagini
1971 4457 2075 4520 sinilis
2111 4461 2219 4522 tonuis-

618 4579 724 4637 simum
767 4571 854 4632 eliam
884 4578 1007 4632 stratum
1042 4571 1240 4638 demonstrari
1275 4580 1399 4652 poterat.
1459 4575 1571 4644 Diebus
1606 4565 1817 4658 praetcrlcpsta
1851 4579 1893 4642 Ἦ
1930 4583 2118 4648 Bracchia
2154 4605 2218 4668 per.

620 4748 940 4766 ’,ψη-ιι*

781 4873 820 4938 (Ι)
840 4877 1027 4937 Sarrtlifttrl‚
1046 4876 1066 4924 l.
1086 4891 1109 4926 c.
1129 4877 1192 4932 Tati.
1212 4877 1361 4932 LXXVIII.
1381 4881 1399 4936 f,
1419 4883 1443 4928 ·l.
1464 4880 1488 4929 5,
1509 4881 1534 4930 li.
1556 4883 1579 4932 l.

782 4959 825 5032 (Ἰ)
849 4966 1022 5019 llreaclret,
1043 4966 1061 5020 l.
1081 4981 1103 5014 r.
1123 4983 1147 5029 p,
1167 4965 1212 5020 33.
1299 5021 1303 5028 ,
