4784 5894
918 603 992 677 li'i

145 811 238 872 undis
262 811 350 874 etiam
373 809 470 872 noritis
493 809 634 874 facillime
656 812 834 892 dignoscere
857 819 1002 894 poteram,
1025 811 1097 894 quid
1120 812 1159 874 ad
1178 812 1368 892 periosteum,
1392 814 1463 894 qnid
1488 814 1524 875 ad
1548 814 1752 896 cartilaginem

145 933 340 996 referendum
361 941 456 1005 essen
478 933 509 997 id
531 935 613 1017 quod
636 936 838 1019 miorosoopio
861 955 925 1000 rem
947 936 1108 1018 inquirenti
1131 933 1313 998 luculentius
1344 936 1433 1000 etiam
1456 939 1628 1018 apparebat.
1675 940 1753 1000 Sub-

144 1059 256 1120 stantia
279 1055 365 1136 calli,
387 1059 452 1120 sive
473 1074 563 1121 ossea
585 1066 650 1122 erat
670 1059 735 1122 sive
757 1060 958 1140 cartilaginea,
988 1079 1108 1140 semper
1130 1058 1210 1120 iutra
1230 1059 1394 1140 oaspulam,
1416 1079 1434 1120 a
1457 1061 1609 1140 periosteo
1632 1069 1663 1124 et
1683 1062 1753 1124 reii-

145 1183 216 1262 quis
240 1179 373 1262 partibus
396 1179 538 1244 mollibus
559 1183 785 1260 conformatam,
809 1191 929 1266 reperta
950 1190 1005 1246 est.
1048 1183 1093 1245 At
1113 1201 1187 1244 vero
1210 1182 1347 1245 exoritur
1368 1183 1520 1266 quaestio,
1543 1185 1625 1246 unde
1647 1185 1752 1258 callus,

146 1323 218 1366 eum
242 1303 356 1374 locum,
380 1323 441 1386 quo
463 1305 541 1367 ossis
563 1305 739 1386 superficies
761 1307 895 1388 partibus
920 1302 1062 1370 mollibus
1085 1311 1230 1386 oooperte
1252 1313 1312 1380 est,
1336 1313 1555 1386 transgressus,
1585 1307 1751 1368 ineremen-
1812 1285 1815 1306 ¹

145 1435 211 1490 tutu
235 1428 352 1508 rapiat?
375 1426 587 1506 Gertilaginem
611 1427 689 1492 enim
712 1430 781 1496 sive¹
798 1450 835 1494 oe
857 1447 962 1492 reeens
990 1431 1149 1492 formatum
1172 1429 1253 1492 ultra
1280 1427 1396 1504 loeum,
1426 1449 1516 1512 quem
1546 1429 1623 1506 dixi,
1652 1430 1751 1510 primo

147 1551 256 1648 saltem
280 1561 415 1632 tempore
437 1571 499 1614 non
515 1552 687 1632 superficiei
711 1554 789 1618 ossis
811 1553 921 1616 veteris
949 1552 1080 1616 insidere
1109 1551 1252 1629 vidimus,
1273 1553 1328 1614 sed
1350 1553 1517 1616 seeundum
1538 1553 1683 1634 parietem
1707 1553 1752 1614 iu-

146 1685 264 1737 ternam
295 1673 438 1756 capsulae
465 1674 632 1757 prooedere
659 1677 704 1756 (v.
728 1676 802 1742 Tab.
826 1647 863 1738 11'.
886 1677 937 1756 fig.
958 1673 1018 1754 2.).·
1069 1655 1202 1757 ludoque
1224 1676 1386 1757 quaeritur,
1414 1683 1514 1738 utrum
1536 1677 1750 1738 incrementum

148 1798 218 1860 retii
245 1797 452 1860 solummodo·
460 1817 498 1860 ex
521 1817 557 1862 ea
581 1807 664 1880 parte
686 1801 785 1874 ossis,
815 1819 936 1882 exque
963 1799 1060 1862 entius
1082 1800 1211 1880 primum
1244 1807 1343 1860 ortum
1374 1799 1478 1874 traxit,
1507 1818 1589 1862 mera
1620 1800 1751 1862 iutussu-

148 1922 304 2001 seeptione
327 1921 387 1996 fiat,
411 1911 464 1994 au,
486 1923 530 1984 uti
553 1915 870 1986 Bresehet‘auotor
891 1933 946 1996 est,
967 1921 1133 1986 substantia
1156 1921 1208 1984 illa
1231 1921 1340 1997 urniiis,
1363 1922 1537 1997 rubicunda,
1559 1941 1637 2004 quae
1660 1922 1751 1984 iuter·

147 2064 218 2106 nani
241 2017 384 2125 capsulae
405 2045 596 2126 superficiem
619 2045 750 2121 obducit,
779 2053 808 2107 et
830 2064 867 2106 ex
890 2043 1025 2126 partibus
1048 2043 1190 2106 moltibus
1213 2044 1402 2116 indanrmatia
1425 2045 1571 2107 exsudata
1593 2051 1653 2122 est,
1682 2065 1751 2108 sen-

147 2170 204 2230 o'm
228 2169 259 2230 iu
282 2186 401 2230 osseam
423 2167 525 2242 abeat,
559 2187 668 2250 porro,
690 2170 716 2232 si
739 2168 867 2230 aiterum
889 2169 972 2248 prius
995 2168 1054 2243 tint,
1078 2187 1148 2229 num
1171 2167 1245 2230 haee
1273 2167 1441 2230 substantia
1466 2165 1568 2230 mollis
1590 2167 1671 2230 callo
1700 2188 1751 2230 ae-

148 2300 303 2354 rreseeute
334 2290 406 2354 loeo
439 2311 499 2354 suo
532 2291 661 2373 pellatur
694 2299 725 2354 et
759 2261 948 2372 resorptioue
981 2291 1151 2352 auferatur?
1191 2291 1298 2352 Utrum
1331 2291 1439 2352 honam
1472 2289 1622 2374 sequanis,
1656 2310 1751 2373 aeque

148 2415 322 2496 expeditum
355 2421 402 2477 est
432 2415 594 2496 explicare,
628 2414 680 2497 qui
712 2415 781 2490 tiat,
813 2421 847 2476 ut
880 2423 1070 2476 aeereseeute
1103 2413 1270 2476 substantia
1302 2413 1373 2476 calli
1409 2413 1574 2476 substantia
1606 2413 1660 2477 illa
1700 2434 1750 2476 ru·

147 2541 203 2600 bra
236 2538 390 2603 deoresoat
422 2548 453 2601 et
485 2539 682 2619 periosteum,
715 2547 807 2618 prout
839 2537 935 2604 eailus
968 2536 1121 2614 interemit,
1162 2537 1194 2598 in
1227 2543 1337 2600 statum
1365 2555 1471 2600 sauma
1505 2536 1618 2600 retent.
1683 2537 1751 2600 Hoc

147 2683 238 2736 vero,
261 2663 376 2726 etiamsi
397 2660 594 2725 substantiam
616 2681 634 2722 e
655 2660 790 2741 partibus
813 2659 956 2724 mollibus
977 2659 1153 2722 exsudatam
1175 2659 1207 2722 in
1228 2678 1349 2722 osseam
1371 2659 1454 2722 abire
1477 2666 1604 2736 statuas,
1620 2659 1749 2722 dubitari

145 2806 277 2869 prorsus
302 2785 418 2867 nequit,
445 2783 518 2867 quin
540 2782 579 2844 ad
601 2783 815 2863 perficiendam
836 2781 1068 2846 ossifioatiouem
1099 2779 1231 2860 impulsu
1252 2781 1338 2863 quasi
1366 2781 1498 2864 quodam
1529 2801 1568 2843 ex
1589 2783 1657 2862 ipso
1680 2801 1750 2846 osse

146 2911 361 2992 protieiseente
374 2927 451 2988 opus
473 2907 521 2969 sit.
567 2905 676 2988 Neque
690 2904 850 2968 venisimile
865 2911 919 2978 est,
941 2904 1094 2969 materiem
1117 2922 1136 2964 e
1156 2902 1291 2984 partibus
1314 2903 1455 2966 mollibus
1478 2903 1653 2966 exsudatam
1676 2924 1750 2986 qua·
1815 2883 1824 2898 ’

148 3043 237 3096 tenus
253 3034 282 3094 in
303 3041 483 3094 stmotnram
503 3028 813 3094 fibroso-eellulosam
831 3030 897 3107 jam
919 3027 1032 3102 abierit,
1054 3027 1085 3090 in
1107 3045 1226 3088 osseam
1242 3025 1349 3088 exittde
1372 3026 1479 3088 mutari
1503 3043 1608 3106 possm
1631 3031 1665 3088 ut
1685 3033 1749 3089 tum

148 3166 261 3220 tantum
292 3155 440 3218 sententia
459 3174 478 3215 a
498 3153 691 3216 Brasehet
712 3151 831 3233 prolata
851 3151 989 3214 videatur
1011 3149 1111 3212 locum
1135 3149 1244 3212 habere
1265 3167 1373 3231 posse,
1396 3169 1488 3231 quum
1511 3148 1676 3212 suburam
1696 3149 1750 3212 illa

149 3279 247 3342 adhue
270 3277 370 3340 mollis
394 3285 439 3340 est
461 3285 602 3360 certaque
627 3278 724 3339 torma
746 3284 838 3337 earet.

310 3403 429 3482 Troja
459 3401 512 3483 (Ι)
542 3401 572 3464 in
607 3399 757 3480 opusculo
790 3399 953 3462 novissime
987 3397 1068 3460 edito
1096 3397 1278 3478 periosteum
1312 3398 1343 3460 iu
1376 3397 1413 3460 iis
1447 3397 1565 3462 omibus
1604 3397 1751 3462 ossitioari

150 3527 326 3600 arbitratur,
362 3526 394 3588 iu
422 3525 530 3607 quibus
557 3526 792 3604 tragrneutorum
825 3522 901 3585 fines
923 3521 980 3586 sibi
1002 3521 1227 3602 superimpositi
1247 3504 1322 3599 siut,
1359 3521 1490 3605 indeque
1519 3539 1582 3584 uon
1609 3521 1688 3583 iuter
1716 3540 1750 3583 se

150 3650 338 3730 coniungant,
374 3647 428 3710 sed
461 3646 575 3728 duplici
602 3653 696 3710 strato
718 3647 861 3728 periostei
883 3645 1011 3724 sejuncti
1044 3645 1117 3718 siut;
1155 3645 1238 3728 qnod
1270 3645 1297 3706 ai
1331 3644 1398 3719 fiat,
1435 3644 1619 3723 periosteum
1655 3649 1751 3704 tome·

149 3773 223 3846 fieri,
257 3771 388 3852 galatius
423 3771 454 3834 iu
489 3789 609 3833 mam
630 3768 827 3832 substantiam
857 3767 974 3829 abitrrra
995 3765 1122 3846 impleri,
1155 3765 1284 3848 indeque
1307 3765 1406 3846 ipsum
1429 3765 1575 3828 osaifieari
1598 3773 1749 3845 oportere.

151 3897 311 3979 equdem,
342 3894 412 3960 lieet
433 3894 464 3958 iu
494 3891 704 3974 experimentis
726 3891 802 3954 meis
824 3891 887 3952 iere
909 3907 1028 3968 semper
1050 3907 1118 3948 eum
1147 3887 1256 3967 talibus
1279 3886 1417 3950 traomris
1445 3885 1515 3948 milri
1537 3885 1643 3966 fuerit,
1673 3907 1750 3949 uuu-
1837 3925 1841 3935 -

151 4041 240 4104 quam
262 4013 362 4082 tamen
384 4017 561 4098 superfiuas
585 4015 911 4096 unguentorumque
932 4011 990 4074 sibi
1012 4010 1262 4091 superimpositae
1285 4017 1379 4090 erant,
1404 4011 1556 4092 periosteo
1578 4009 1621 4072 ita
1636 4009 1752 4074 obduc-

152 4155 197 4208 tas
219 4143 363 4208 munisse
385 4140 562 4216 observavi,
582 4147 616 4202 ut
637 4158 676 4202 eo
698 4139 776 4201 iuter
794 4156 830 4200 se
852 4119 1096 4218 sejungereutnr;
1119 4152 1238 4214 semper
1260 4151 1311 4196 eas
1339 4134 1436 4198 nudas
1458 4133 1559 4196 inveni
1581 4139 1670 4216 atque
1692 4133 1749 4196 ini-

151 4269 193 4330 tio
222 4267 366 4347 sauguine
389 4271 578 4336 extravasato
604 4261 813 4335 eineimriusam
842 4259 971 4340 septimo
993 4259 1114 4322 demum
1137 4256 1184 4320 die
1207 4260 1332 4320 strenam
1354 4256 1536 4318 mbstautiae
1558 4254 1751 4319 intermediae

151 4390 359 4472 interpositum
388 4388 486 4468 reperi
514 4407 640 4470 eamque
669 4387 744 4448 Tro
748 4387 790 4466 ja
817 4383 935 4445 videtur
956 4401 1014 4464 pro
1037 4381 1189 4462 periosteo
1209 4380 1370 4442 tumefacto
1393 4377 1546 4454 habuisse3
1576 4379 1655 4482 qaue
1675 4401 1750 4443 vero

151 4513 346 4594 substantiam
367 4527 431 4572 nou
452 4510 613 4584 ossitieeri,
645 4529 738 4590 supra
762 4505 974 4570 demonstravi.
997 4535 1040 4554 -
1085 4503 1194 4584 Neque
1215 4501 1412 4582 periosteum,
1434 4501 1604 4584 siquando
1627 4502 1751 4576 aecidat,

150 4647 184 4702 ut
206 4635 309 4708 situm,
333 4651 422 4714 quem
443 4631 585 4694 indicavit
606 4633 717 4710 TroJa,
739 4629 901 4702 retinuerit
924 4645 1055 4710 nuquam
1078 4643 1199 4688 osseum
1221 4625 1301 4702 fieri,
1324 4643 1363 4686 ex
1382 4623 1474 4688 simili
1496 4625 1625 4706 quadam
1647 4623 1753 4686 obser·

150 4761 272 4824 vatione
293 4753 452 4818 eondudo.
499 4754 626 4835 Semper
646 4754 676 4816 in
700 4754 838 4816 sraomris
859 4751 949 4816 tibiae
979 4757 1042 4813 arte
1070 4747 1184 4812 effectis
1205 4747 1379 4825 observavi,
1409 4745 1533 4810 fibulam
1555 4763 1676 4830 qnoque
1705 4747 1751 4810 in

153 4895 472 4914 mm

314 5021 355 5090 (i)
376 5023 479 5084 'froja
505 5038 573 5072 rreue
593 5020 733 5071 lieobaelrt.
754 5027 803 5070 ete.
823 5031 882 5082 par.
902 5019 964 5072 11⁹.
984 5015 1044 5072 120.
