4784 5894
952 541 1034 620 tot

161 747 370 834 scripulum.
409 751 780 839 mensuremus:
800 749 884 818 uses
900 752 1157 816 mnmscenum
1179 750 1306 821 ec'bari
1327 754 1540 836 arbitrabatur,
1566 753 1661 841 quod·
1678 777 1788 824 suamc

160 873 327 945 (assiliens
348 875 381 938 iu
395 873 649 943 tubomafflfflari
671 875 923 945 mammet
943 884 1174 960 consumatum
1195 875 1258 962 qno
1278 875 1385 974 prmsa
1406 895 1477 952 osse
1498 887 1668 949 extrorsum
1679 883 1788 947 cadere

166 1007 202 1062 et
228 999 267 1062 in
291 1007 439 1063 mmorem
461 999 566 1064 attolli.
589 1025 641 1052 m
657 1000 814 1064 llaister
835 999 887 1084 (2)
911 1007 941 1064 et
956 1001 1159 1084 Morgagni
1182 1001 1237 1088 (3)
1260 1021 1312 1080 cs,
1341 1003 1399 1068 nisi
1420 1004 1508 1085 ptius
1527 1004 1694 1068 emollitum
1723 1007 1788 1068 ine·

164 1122 229 1198 rit,
267 1123 311 1185 ita
330 1141 395 1186 noa
416 1141 508 1206 posse
521 1123 677 1208 ⁸turneiari
699 1123 859 1206 putabam
888 1143 983 1208 eaque
1005 1125 1096 1206 igitur
1117 1132 1202 1188 erant
1223 1127 1384 1204 mutetis,
1415 1127 1516 1208 pravis
1538 1129 1714 1191 humoribus
1736 1147 1788 1192 cs·

163 1265 247 1308 scas
274 1246 411 1309 lamellas
434 1246 577 1323 emolliri,
606 1247 650 1310 sic
674 1246 823 1312 emollitus
843 1247 883 1308 cb
906 1247 1072 1311 eorundem
1095 1247 1292 1329 congestione
1314 1257 1343 1312 et
1364 1251 1522 1330 pressione
1544 1257 1714 1314 extrorsum
1735 1271 1788 1313 nr·

163 1370 242 1448 geri
271 1377 301 1432 ct
323 1369 477 1451 paullatim
500 1371 640 1451 expandi.
683 1371 834 1452 Saarps
856 1370 911 1452 (l)
939 1369 1154 1435 emollitionem
1183 1380 1213 1434 ct
1233 1373 1422 1438 laxationem·
1437 1373 1588 1455 quandam
1610 1374 1788 1454 principalia

165 1493 313 1556 ostitidis
336 1495 543 1573 plradncmena
565 1511 633 1556 esse
655 1493 765 1566 voluit;
787 1494 943 1557 euostos'ut
964 1513 1067 1556 veram
1088 1495 1133 1556 nil
1155 1513 1222 1562 esse
1245 1515 1335 1578 qnam
1357 1491 1531 1574 emollitun,
1551 1496 1787 1559 laxatametex-

165 1635 309 1697 pansam
332 1634 450 1678 osseam
474 1623 630 1692 texturam,
652 1616 735 1678 lenta
756 1617 991 1680 inflammatione
1012 1618 1183 1692 erebum
1211 1637 1272 1701 qus
1294 1627 1446 1700 cessante,
1467 1620 1518 1682 uel
1540 1629 1663 1702 sponte,
1687 1621 1713 1680 si
1736 1620 1788 1682 be-

166 1740 276 1820 nigna
297 1739 345 1815 sit,
364 1740 415 1801 vel
436 1741 668 1821 pharisaeorum
689 1741 885 1821 praesumtio,
909 1747 939 1802 et
960 1741 1096 1804 restitma
1117 1742 1196 1803 inter
1217 1742 1341 1806 arterias
1364 1750 1394 1805 et
1415 1759 1489 1804 vasa
1510 1742 1701 1806 absorbentia
1722 1761 1787 1804 mu·

166 1881 290 1926 uerum
314 1863 529 1944 reciprocitatc,
553 1863 660 1926 mollis
683 1871 714 1926 st
736 1881 869 1944 expansa
891 1864 1005 1928 ossium
1026 1864 1338 1946 stamina,·snscepto
1361 1865 1469 1928 iterum
1491 1863 1703 1930 salino-terreo
1726 1865 1788 1928 ele·

169 1995 294 2062 mento,
315 1987 471 2068 pristinam
493 1987 619 2048 induere
641 1985 707 2048 saui
729 1985 912 2068 perfectique
935 1987 1014 2050 ossis
1037 1987 1186 2068 duritiem,
1210 1989 1287 2050 adeo
1310 1989 1460 2052 interdum
1482 1995 1616 2064 auctam,
1642 1994 1678 2050 ut
1699 1987 1787 2049 ebur-

166 2131 268 2172 neam
292 2110 430 2172 imitetur.
475 2109 581 2172 Eidem
603 2109 767 2174 sectentiac
790 2111 849 2172 Pb.
873 2129 892 2171 a
912 2110 1092 2174 Waltlter
1112 2109 1169 2196 (5)
1191 2113 1284 2190 iuvet,
1317 2111 1368 2194 qui
1390 2131 1496 2177 omues
1518 2111 1632 2174 ossium
1654 2117 1787 2173 tumores

171 2234 268 2296 initia
291 2251 400 2314 capere
424 2233 495 2295 dicit
524 2253 542 2294 e
568 2233 647 2296 telae
670 2253 777 2296 osseae
800 2234 987 2314 expansione
1010 2231 1214 2316 cellarumque
1237 2231 1481 2315 amplificatione,
1511 2241 1599 2316 etque
1628 2253 1645 2296 e
1675 2233 1787 2295 disten·

174 2359 273 2420 sione
297 2357 445 2419 canalium
468 2357 678 2420 medttllun'um
701 2365 733 2420 at
752 2377 953 2432 venosorum;
975 2363 1009 2419 ut
1031 2356 1098 2420 aliis
1121 2357 1153 2418 in
1173 2357 1318 2439 partibus,
1341 2357 1385 2420 sic
1406 2357 1438 2420 in
1461 2355 1581 2422 ossibus
1603 2373 1725 2438 quoqne
1741 2355 1787 2416 in·

172 2481 532 2560 flammationeprimum
555 2481 685 2542 emolliri
708 2479 913 2557 substantium,
935 2481 1063 2562 posthoc
1085 2499 1190 2543 rursus
1213 2480 1370 2544 ossiticari.

343 2605 377 2666 si
398 2605 469 2666 milti
492 2623 626 2686 quoqne,
652 2613 687 2664 ut
715 2603 795 2680 aliis,
822 2624 841 2664 e
871 2604 960 2665 rebus
983 2603 1065 2666 notis
1088 2603 1126 2666 de
1148 2604 1215 2666 aliis
1236 2604 1372 2666 nondum
1400 2603 1528 2684 coguitis
1555 2602 1610 2664 sed
1638 2600 1787 2664 similibus

173 2728 384 2808 argumentari
407 2726 485 2802 licet,
507 2727 636 2807 primum
658 2726 842 2788 monendum
864 2731 919 2800 est,
941 2723 1159 2788 emollitionem
1180 2725 1258 2788 telae
1280 2743 1387 2788 osseae
1413 2733 1449 2786 ut
1476 2725 1631 2807 sequelam
1658 2725 1786 2805 primam

171 2869 284 2913 merae
307 2849 546 2912 brssammationis
569 2868 722 2930 nunquam
752 2867 771 2908 a
798 2868 846 2910 me
869 2839 1059 2910 observatam
1087 2866 1169 2924 esse,
1201 2855 1289 2928 atque
1316 2848 1348 2908 in
1375 2865 1484 2927 magna
1513 2847 1785 2928 experimentorum

173 2973 280 3056 copia,
303 2973 333 3035 in
356 2973 465 3054 quibus
485 2971 749 3034 inflammationem
770 2971 956 3034 laesionibus
979 2970 1160 3032 mechanicis
1182 2989 1272 3052 qnam
1294 2969 1423 3032 maxime
1444 2969 1536 3032 variis
1548 2969 1704 3032 excitatam
1715 2968 1786 3029 inde

174 3121 195 3160 a
218 3097 321 3180 primo
344 3097 392 3158 die
415 3097 558 3160 continuo
581 3113 637 3176 per
658 3102 719 3158 tres
742 3113 861 3158 menses
886 3093 1059 3172 observavi,
1090 3111 1162 3156 osse
1184 3111 1339 3175 nunquam
1361 3093 1499 3156 firmitate
1521 3110 1578 3155 sus
1599 3099 1691 3154 exuta
1718 3109 1786 3152 esse

173 3243 238 3284 nec
260 3220 377 3284 facilius
400 3241 490 3303 qttam
512 3239 586 3282 sana
608 3219 708 3282 cultro
732 3219 876 3280 dissecari
898 3218 1049 3300 putruisse,
1077 3217 1193 3300 itaque,
1222 3225 1366 3299 quantum
1394 3217 1520 3300 quidem-
1545 3213 1620 3278 meis
1649 3213 1786 3276 sensibus

177 3347 360 3426 dignoscere
384 3352 529 3425 poteram,
553 3363 615 3406 non
640 3341 774 3404 emollita
795 3341 902 3416 fuisse3
931 3359 1041 3422 porro,
1071 3359 1158 3404 raros
1179 3340 1250 3404 illos
1280 3359 1385 3416 casm,
1414 3340 1446 3402 in
1469 3339 1577 3422 quibus
1598 3357 1671 3402 vars
1692 3337 1787 3420 ipsius

178 3470 263 3534 ossis
285 3468 511 3530 intumescentia
537 3467 766 3548 percipiebatur,
789 3485 851 3528 uon
873 3465 1055 3527 laxationem
1079 3465 1210 3546 aliquam
1231 3464 1379 3541 retulisse,
1401 3463 1456 3526 sed
1479 3463 1612 3540 eandem,
1635 3481 1787 3545 quantos-

177 3594 223 3656 sis
248 3600 349 3656 tumor
376 3592 408 3652 in
436 3592 571 3653 exostosi
598 3590 769 3672 syphilitica
797 3609 890 3670 supra
919 3589 1082 3669 descripta,
1112 3588 1282 3652 exlribuiase
1311 3587 1523 3649 condiu'oncm.
1574 3587 1676 3667 ltaque
1704 3583 1786 3667 quod

178 3716 340 3796 ltleding
363 3715 416 3800 (6)
440 3723 470 3776 et
491 3715 685 3776 Bannerth
709 3713 763 3797 (7)
794 3713 1010 3774 emollitionem
1032 3719 1063 3774 et
1084 3711 1267 3772 laxationem
1298 3729 1390 3792 quum
1422 3709 1545 3771 omnino
1568 3709 1599 3770 in
1621 3707 1786 3768 inflamma-

177 3841 265 3903 tione
287 3843 349 3902 tum
371 3839 499 3900 maxime
521 3838 553 3898 in
575 3837 754 3898 formatione
765 3836 950 3896 excatosium
962 3835 1191 3896 inflammatoris
1213 3851 1347 3908 noneas,
1369 3830 1785 3918 quusarbitratorScarpa,

178 3969 283 4046 partes
306 3981 395 4044 agere
417 3961 532 4040 volunt,
554 3961 644 4042 plane
666 3959 738 4020 mibi
760 3977 827 4020 cum
850 3958 886 4021 iis
902 3956 1148 4021 consentiendum
1171 3964 1226 4018 est.
1272 3956 1349 4018 Sunt
1372 3954 1501 4037 quidem,
1523 3952 1568 4016 uti
1590 3971 1683 4034 supra
1704 3950 1781 4013 vidi-

342 4259 769 4332 (l)l{unttet,l.c.1r.132.

343 4350 386 4422 (2)
406 4355 563 4417 liciater,
581 4353 664 4404 instit.
682 4353 748 4402 ebir.
767 4351 795 4407 Ρ.
815 4351 837 4404 Ι,
857 4351 904 4402 lib,
925 4352 951 4398 t'.
972 4365 1026 4412 cop.
1045 4349 1086 4412 bt),
1107 4358 1167 4398 nota
1184 4345 1221 4411 a).
1242 4373 1274 4384 -
1301 4347 1409 4406 Idem,
1428 4345 1490 4399 ilisa,
1509 4343 1542 4392 tle
1561 4347 1658 4392 casirrm
1677 4343 1784 4392 tumori·

180 4446 240 4498 itus.
260 4444 311 4494 No.
330 4443 375 4496 88.

343 4526 383 4596 (3)
402 4531 594 4592 Μοτμμιὶ,
612 4530 633 4581 i.
651 4544 675 4580 c.
695 4545 735 4592 ep.
757 4531 796 4592 L.,
813 4536 858 4576 art.
879 4525 922 4574 59.

344 4617 384 4682 (4)
404 4617 544 4680 Scorpo,
566 4619 585 4672 l.
604 4634 628 4668 c.
648 4631 671 4680 p.
691 4619 735 4670 iiii.

342 4703 383 4770 (5)
402 4706 453 4754 l’b.
472 4721 488 4754 a
506 4706 682 4767 Waltlrer,
701 4708 727 4754 in
747 4707 849 4768 epirum¹
869 4719 885 4752 a
903 4701 1027 4752 Gruria
1046 4709 1070 4750 at
1089 4699 1250 4750 tration
1268 4699 1340 4761 edit,
1360 4699 1418 4748 Vol.
1437 4699 1516 4750 xiil.
1535 4713 1561 4759 p.
1579 4695 1643 4746 368,

343 4787 388 4860 (6)
408 4793 557 4854 Medius,
582 4794 647 4840 ttlter
671 4795 698 4844 d.
719 4794 938 4856 lb'iedererreug.
963 4791 987 4838 tl.
1013 4790 1129 4851 lincoln,
1153 4791 1181 4837 in
1205 4789 1331 4842 Zeitselar.
1351 4791 1394 4836 ttn
1419 4788 1517 4835 Natur-
1541 4785 1597 4834 und
1620 4781 1785 4840 lleillturtde,

182 4885 305 4936 Dmden
324 4879 402 4934 tout.
421 4881 470 4931 lid.
489 4881 540 4930 lli.
558 4897 583 4944 p.
601 4879 664 4932 889.

344 4969 385 5035 (i)
403 4971 591 5032 Bannerth,
610 4977 659 5020 nat,
680 4969 849 5016 constuinuut
868 4969 896 5016 iu
915 4968 1017 5016 ossiltua
1036 4967 1113 5014 luetis
1132 4967 1255 5014 annuntiis
1274 4965 1415 5024 irnlaflutio.
1452 4964 1562 5012 Bouttos
1585 4959 1661 5010 18³1.
1679 4979 1703 5025 p.
1722 4957 1766 5012 23.
