4824 5892
986 525 1046 612 ut

218 754 277 822 Fr.
310 745 486 836 Arueld,
525 742 701 814 bebrbueb
731 739 791 814 der
816 736 1035 834 ulystnogte
1070 739 1135 811 tor
1163 739 1356 814 renonem
1409 741 1534 819 zoni
1564 745 1662 814 lesu.
1690 755 1767 818 tun.
1788 751 1816 818 1.

216 879 252 984 p.
263 893 439 981 ltlrsqq.)
460 887 505 958 de
527 885 726 978 eunilugiuu
742 875 979 958 'retensum
1000 879 1295 975 tenentium
1315 885 1458 957 mures
1480 885 1524 958 nl
1545 889 1670 958 illorum
1691 891 1816 980 seriptu

217 1033 407 1106 remittendi
426 1035 515 1100 suut.
829 1088 834 1101 .
958 1123 960 1128 Ι

377 1169 825 1261 Peruelueuslibtoseerum,
847 1170 903 1258 qui
914 1169 957 1238 te
967 1169 1219 1238 iullunmutione
1241 1168 1364 1238 oss'un
1384 1171 1599 1262 seripserunt,
1619 1171 1815 1269 ssepissine

216 1321 254 1390 iu
275 1317 364 1388 bsue
383 1313 576 1406 opinionem·
592 1303 730 1404 insoni,
744 1312 856 1382 telem
876 1331 1009 1381 osseum
1029 1311 1130 1385 rute
1150 1312 1290 1380 inertem
1309 1329 1388 1382 esse
1408 1314 1550 1402 rituque,
1565 1333 1673 1405 poene
1690 1273 1816 1386 euren-

220 1467 302 1550 ten,
329 1467 414 1550 quu'e
426 1444 545 1546 opinio
568 1471 667 1545 qrmn
685 1455 842 1546 imprimis
863 1454 1109 1524 eonuuversius
1131 1454 1173 1524 ‹le
1195 1453 1388 1524 formatione
1410 1456 1485 1524 eutii
1507 1463 1542 1525 et
1563 1457 1606 1525 tle
1628 1477 1815 1550 regeneru-

219 1600 453 1672 etenensium
474 1587 603 1689 eluerit,
623 1589 745 1670 nullent
765 1597 973 1687 proeterm'si
993 1597 1211 1687 sermionem,
1232 1603 1280 1688 ut,
1302 1615 1399 1685 quum
1420 1597 1508 1666 iulso
1529 1617 1573 1667 es
1591 1607 1695 1690 esset,
1716 1601 1814 1669 evin·

216 1764 327 1816 eeren
354 1743 569 1831 uetiouesque
594 1740 772 1810 nutritivas
799 1759 865 1807 uon
893 1739 1000 1807 minus
1027 1739 1061 1806 iu
1089 1739 1220 1807 ossibus
1247 1759 1344 1828 quum
1365 1741 1400 1808 iu
1421 1741 1570 1830 pertibus
1591 1741 1739 1810 nullibus
1760 1743 1815 1810 iu-

217 1905 297 1958 esse
331 1885 596 1956 demonstrarem.
651 1879 702 1952 0b
734 1881 820 1950 huue
853 1880 958 1949 sulum
992 1901 1166 1971 euussum,
1200 1887 1377 1970 antequem
1405 1882 1448 1951 tle
1474 1883 1728 1952 inflammatione
1755 1905 1814 1954 us-

216 2031 302 2098 sium
330 2027 522 2120 singulatim
550 2025 720 2112 disputare
746 2023 856 2112 eoepi,
889 2027 1099 2112 conspectum
1128 2023 1309 2091 morborum
1338 2025 1460 2094 ossium
1488 2026 1660 2116 praemisi,
1692 2033 1729 2094 ut
1751 2045 1814 2116 ep-

218 2176 367 2262 pureret,
388 2169 519 2240 morbos
552 2165 756 2253 munitionis,
785 2163 903 2252 quiin
932 2163 1081 2252 portibus
1109 2163 1273 2254 mollibus,
1304 2164 1438 2234 eosdem
1466 2185 1593 2254 quoque
1622 2167 1657 2236 iu
1684 2169 1813 2238 ossibus

220 2312 402 2384 observari.

377 2453 432 2522 Ad
459 2448 701 2539 disquisitiones
729 2447 983 2536 mieroseopieus
1012 2446 1186 2539 egregium
1214 2447 1462 2515 instrumentum
1484 2467 1505 2516 u
1526 2447 1712 2520 Sehieelt
1734 2471 1814 2541 per-

121 2617 125 2628 ·
218 2597 339 2667 ieetun
367 2593 517 2683 adhibui,
553 2592 646 2678 ouus
675 2611 769 2658 usum
796 2591 844 2658 lll.
873 2589 1067 2678 Mueller,
1100 2607 1166 2677 que
1195 2589 1281 2657 solet
1307 2590 1532 2681 benignitate,
1566 2591 1644 2659 mibi
1669 2612 1813 2664 ouuees-

216 2742 271 2808 sit.
321 2737 427 2820 Quum
456 2735 554 2802 tuelle
581 2732 731 2819 eveuiut,
757 2738 795 2798 ut
824 2730 1037 2817 nierusuupiu
1066 2736 1199 2798 utentes
1221 2730 1256 2797 iu
1278 2749 1407 2799 errores
1429 2731 1628 2823 nudemus,
1657 2741 1694 2804 et
1715 2756 1812 2824 quum

217 2879 264 2946 sit
292 2875 440 2964 difficile,
466 2878 559 2941 reete
579 2871 731 2954 iudicare
760 2870 810 2972 de
831 2870 873 2936 iis
903 2888 988 2958 quue
1015 2870 1118 2958 probe
1140 2868 1334 2960 viderimus,
1361 2891 1455 2940 nemu
1478 2876 1602 2962 nescit,
1632 2877 1688 2962 qui
1710 2882 1810 2948 semel

216 3038 297 3086 usus
323 3021 379 3086 est
404 3014 634 3102 mieroseopio,
663 3012 812 3100 setisque
840 3011 939 3078 docet
967 3011 1042 3099 ipsu
1069 3011 1231 3079 scientiae
1259 3011 1396 3081 historie
1427 3020 1461 3082 et
1483 3035 1562 3082 usus
1592 3019 1811 3105 quotidianus.

214 3161 333 3249 ltuque
367 3157 456 3226 beuti
490 3156 624 3224 viderer
654 3156 830 3239 jurense
859 3173 881 3222 e
907 3152 1031 3220 leetore
1058 3151 1226 3240 postulare
1256 3173 1376 3244 posse,
1411 3162 1447 3223 ut
1475 3156 1571 3225 fidem
1600 3159 1723 3229 bubeut
1749 3163 1811 3230 ub-

215 3300 460 3372 servutiouibus
491 3299 526 3366 iu
563 3297 627 3366 boe
655 3294 763 3364 libello
799 3295 927 3382 suren,
961 3295 997 3362 ui
1024 3293 1073 3362 lll
1103 3294 1285 3362 Mueller
1316 3295 1415 3364 iidem
1448 3295 1489 3364 iis
1519 3303 1715 3371 auctoritate
1747 3323 1810 3373 sue

215 3445 365 3514 adderet.
415 3443 531 3529 Neque
560 3441 666 3506 miuus
693 3438 927 3526 experimento,
955 3455 1040 3524 quoe
1069 3435 1111 3504 ‹le
1140 3437 1392 3506 inflammatione
1421 3439 1542 3508 ossium
1562 3441 1709 3534 institui,
1738 3467 1810 3514 on-

214 3588 273 3656 mis
304 3583 377 3654 viro
409 3581 625 3650 illustrissimo
659 3579 859 3667 monstravi,
890 3579 939 3644 ito
971 3584 1008 3644 ut
1041 3597 1106 3645 uon
1140 3578 1297 3647 immerito
1332 3599 1524 3667 perennem
1552 3583 1631 3651 mibi
1660 3585 1809 3678 bubeum,

214 3729 303 3798 fulsu
334 3745 441 3794 rerum
473 3723 584 3812 speeie
616 3739 668 3788 ne
702 3720 873 3807 deceptum
905 3739 972 3786 uou
1005 3737 1093 3786 esse.
1137 3719 1266 3810 ltluguu
1298 3721 1466 3810 igiturex
1488 3741 1529 3791 eu
1550 3723 1628 3791 mibi
1655 3729 1810 3813 pervenit

214 3869 360 3959 luetitiu,
396 3864 482 3956 queri
519 3863 581 3932 hoe
614 3864 686 3930 loeo
722 3861 927 3929 reensionem
960 3865 1078 3926 uuetus
1108 3880 1194 3948 sun,
1241 3866 1278 3927 ut
1315 3863 1524 3949 praeceptori
1565 3866 1706 3933 menime
1745 3888 1809 3937 ve-

214 4010 361 4082 ueruudo
392 4027 437 4078 ex
470 4003 679 4096 indulgentie
706 4007 740 4071 et
773 4001 996 4092 benignitate,
1043 4018 1109 4086 quo
1136 4005 1274 4069 euuutus
1314 4020 1409 4070 neos
1439 4003 1568 4090 adjutus
1600 4005 1808 4100 incertosque

214 4154 355 4243 inperiti
386 4153 421 4228 iu
449 4149 589 4218 seientiu
619 4164 760 4236 gressus
791 4143 926 4220 cornilio
965 4147 1000 4210 et
1028 4141 1234 4231 experientis
1266 4161 1330 4211 suu
1356 4143 1545 4214 moderatus
1574 4157 1644 4238 est,
1675 4155 1808 4244 gratiss

217 4313 262 4362 ex
286 4297 396 4363 intime
419 4293 525 4361 suino
559 4307 660 4380 egum
688 4286 845 4375 publiess.
903 4287 1077 4371 Nunquam
1110 4303 1155 4352 ex
1176 4286 1331 4352 nemoris
1353 4285 1432 4354 milri
1461 4290 1694 4382 exstinguetur
1719 4296 1807 4366 illius

217 4453 303 4526 ergo
338 4453 390 4500 ne
416 4432 650 4502 benevolentis
671 4435 706 4497 et
734 4428 934 4517 humanitus,
975 4427 1098 4494 utinum
1131 4429 1266 4494 eveniet
1301 4426 1493 4520 uliquuudu,
1528 4437 1580 4520 ut,
1617 4453 1682 4502 nou
1719 4441 1805 4526 upurl

216 4581 383 4672 ingratum
411 4575 482 4658 ejus
504 4573 664 4642 beneficis
686 4570 844 4638 eolloeutu
871 4586 966 4658 esse,
988 4587 1025 4636 re
1056 4566 1226 4636 deelurure
1247 4570 1380 4657 possin

375 4717 502 4807 Magno
538 4733 610 4782 eum
645 4713 752 4780 studio
786 4711 952 4780 materiem
989 4708 1194 4778 uniendum
1229 4711 1390 4801 sustinui,
1424 4733 1484 4802 per
1516 4715 1652 4808 longum
1680 4727 1806 4812 tempus
