4856 5896
1375 559 1427 632 36

601 775 781 842 bodaontali
803 775 924 839 corticis
946 781 1010 836 rete
1032 771 1215 855 conspicitur
1237 767 1489 844 cauliculorum,
1518 767 1586 850 qni,
1614 776 1705 850 prout
1733 767 1783 831 vel
1810 768 1867 832 toti
1887 766 1938 830 vel
1960 769 2070 851 partim
2090 773 2206 832 mutua

599 901 734 966 sectione
763 901 859 982 aperti
889 905 972 974 sunt,
1002 897 1050 960 vel
1074 896 1155 958 striis
1177 893 1330 977 parallelis
1353 892 1533 956 comitantur
1554 890 1605 954 vel
1627 891 1746 954 annulis
1768 891 1909 972 oblongis
1931 892 2101 972 cinguntur.
2144 892 2205 954 lta-

600 1044 659 1106 que
686 1024 719 1086 in
748 1024 794 1086 lais
822 1043 942 1104 quoqne
969 1021 1088 1084 ossibus
1117 1017 1282 1082 substantia
1304 1016 1455 1080 corticalis
1478 1021 1596 1078 comat
1617 1014 1736 1078 laminis
1759 1015 1873 1078 ossium
1895 1015 2031 1078 circuitui
2053 1015 2206 1095 congruis,

600 1154 630 1208 et
658 1147 830 1208 canaliculis
858 1145 935 1207 inter
964 1164 1015 1206 eus
1045 1141 1270 1205 decurrentibus
1297 1139 1484 1221 lamellisque
1514 1139 1711 1200 concentricis
1734 1137 1939 1212 circumdetis
1963 1145 1993 1200 et
2014 1139 2086 1221 ipsa.
2101 1137 2206 1220 diploe

599 1271 683 1336 cellis
712 1269 902 1339 constituitur
931 1268 1085 1348 oblongiS,
1119 1264 1312 1346 compressis,
1346 1265 1424 1326 inter
1452 1283 1486 1344 se
1511 1263 1625 1342 junctis
1653 1261 1841 1343 lamellisqne
1876 1261 1978 1324 itidem
2008 1261 2206 1324 concentuicis

599 1394 806 1476 praeditis-
821 1391 936 1456 Eodem
958 1391 1051 1454 medo
1073 1410 1123 1452 res
1146 1409 1179 1450 se
1202 1389 1291 1450 babet
1311 1388 1343 1448 in
1365 1386 1498 1470 scapula,
1520 1385 1553 1448 iu
1576 1386 1696 1450 ossibus
1717 1385 1776 1462 ilei,
1799 1393 1887 1466 atque
1909 1385 2034 1447 omnino
2054 1383 2087 1447 iu
2108 1386 2204 1448 enni-

598 1518 654 1580 bus
669 1517 788 1581 ossibus
810 1516 998 1598 compressis,
1020 1514 1121 1596 diploii
1144 1511 1303 1574 instnrctis.

759 1643 793 1702 ha
816 1661 886 1702 osse
918 1659 1038 1720 qnoque
1062 1644 1186 1718 petroso
1210 1636 1283 1698 istuc
1306 1634 1445 1698 lamellae
1468 1641 1498 1695 et
1521 1632 1641 1696 canales
1664 1632 1902 1714 conspiciuntur3
1932 1653 2038 1695 verum
2060 1651 2153 1715 quum
2173 1634 2204 1696 in

599 1764 749 1826 carnalium
773 1764 901 1826 decursu
925 1769 1023 1824 certus
1047 1761 1123 1824 erdo
1147 1766 1236 1841 atquc
1259 1765 1341 1820 certa
1362 1758 1413 1820 lex
1442 1778 1505 1822 non
1534 1756 1718 1838 praevaleat,
1748 1757 1886 1818 lamellae
1917 1774 2038 1840 quoquc
2067 1756 2131 1818 sine
2150 1773 2203 1819 or-

600 1887 668 1950 dino
692 1886 854 1968 dispositae
876 1885 1023 1948 videntur.
1068 1884 1176 1965 Neque
1198 1883 1297 1944 minus
1320 1884 1351 1944 in
1374 1901 1444 1944 osse
1466 1881 1575 1963 quovis
1596 1879 1780 1960 spongioso,
1801 1880 1936 1942 sectione
1957 1880 2084 1960 partito,
2112 1881 2203 1944 striae

599 2011 760 2072 ansiulares
781 2011 914 2090 singulas
939 2007 1030 2072 cellas
1055 2007 1256 2082 eircnmdant,
1279 2025 1356 2088 qnae
1379 2006 1455 2068 fiunt
1476 2005 1609 2067 sectione
1632 2003 1821 2066 lamellarnm
1843 2003 1985 2066 similium
2007 2003 2052 2081 iis,
2073 2023 2149 2086 quea
2171 2005 2202 2067 iu

599 2133 700 2214 diploe
724 2133 817 2196 cranii
840 2151 999 2196 occurrere
1024 2131 1164 2194 diximus.
1189 2165 1229 2178 —

757 2256 880 2335 Triplex
902 2255 992 2334 igitur
1014 2261 1059 2318 est
1079 2255 1158 2316 ratio
1179 2254 1309 2334 partium
1330 2252 1421 2314 telam
1449 2271 1568 2314 osseam
1596 2251 1853 2325 constituentium
1884 2257 2024 2313 constant
2049 2252 2127 2314 enim
2156 2253 2200 2314 la-

602 2380 701 2458 minis⁷
721 2399 799 2461 quse
823 2378 945 2440 ambitui
967 2378 1081 2440 ossium
1103 2375 1300 2456 respondent,
1323 2374 1477 2436 coitalibus
1500 2374 1652 2456 cellisque,
1675 2394 1752 2455 quae
1774 2374 1902 2437 lamellis
1925 2375 2122 2438 emicentricis
2144 2377 2201 2439 eir-

598 2503 790 2578 cumdantur,
813 2523 849 2564 oc
872 2502 998 2583 deniqne
1021 2499 1223 2581 peculiaribus
1245 2498 1423 2580 quibusdam
1446 2497 1650 2578 corpusculis,
1664 2509 1750 2579 'quae
1773 2498 1804 2560 in
1827 2497 1955 2560 lamellis
1976 2498 2025 2560 vel
2048 2500 2126 2562 intra
2149 2519 2219 2562 eas..

495 2633 496 2641 ’
599 2627 734 2707 dispersu
756 2633 833 2688 suut

1307 2837 1490 2898 Laminas.

754 2997 826 3060 Non
854 3005 923 3060 sunt
946 2998 977 3058 in
1001 2996 1119 3060 ossibus
1142 2995 1297 3072 balatunna,
1321 2982 1482 3058 arbnodnan
1504 3014 1578 3056 vero
1602 2995 1784 3074 conspicuae
1806 2995 1837 3055 in
1860 2994 1984 3072 adultis,
2012 3014 2048 3057 ac
2069 2994 2197 3059 maxime

596 3121 767 3184 messibus
790 3120 946 3193 tubulosis,
970 3137 1099 3198 quorum
1120 3117 1264 3197 imprimis
1287 3119 1429 3180 corticem
1441 3125 1595 3199 totamque
1605 3117 1794 3202 superficiem
1816 3124 1969 3181 externam
1992 3120 2196 3195 contenanum
2235 3155 2239 3162 ·

596 3245 635 3308 cd
657 3243 792 3306 canalem
816 3262 889 3304 vero
912 3241 1107 3302 medullarem
1129 3261 1243 3316 versus,
1266 3253 1418 3304 crescente
1441 3240 1678 3304 canaliculornm
1698 3241 1959 3304 intercurrentium
1970 3263 2105 3322 numero,
2127 3265 2194 3308 sen-

595 3367 650 3428 sim
676 3386 750 3428 vero
781 3385 906 3446 prorsus
936 3372 1125 3429 evanescunt.
1170 3363 1202 3425 Si
1231 3371 1296 3426 toto
1326 3365 1439 3427 ossium
1468 3365 1579 3426 ambitu
1607 3385 1748 3446 separare
1777 3385 1829 3429 ees
1858 3353 2031 3448 possemus,
2058 3389 2195 3450 magnam

594 3491 713 3570 copiam
740 3489 914 3550 tubulorum
941 3489 1073 3551 tenuium
1100 3489 1277 3564 formarent,
1307 3508 1436 3570 quornm
1454 3489 1596 3571 minores
1626 3488 1737 3571 quique
1764 3491 1931 3570 majoribus
1961 3491 2194 3570 bacluderentur,

594 3633 782 3696 quorumque
804 3613 856 3694 qni
878 3612 1068 3693 superficiem
1091 3612 1169 3704 ossis
1192 3613 1329 3690 formant,
1352 3611 1517 3691 longissimi
1540 3620 1727 3691 apparerent.
1772 3613 1944 3676 Secmadum
1966 3614 2040 3677 baec
2062 3616 2094 3678 in
2116 3616 2193 3678 ossi-

591 3737 649 3800 bus
672 3736 765 3800 cranii
787 3755 860 3817 prae
883 3737 989 3799 ceteris
1011 3737 1169 3826 perspicue
1192 3743 1410 3816 agnoscuntur,
1437 3736 1469 3796 in
1496 3735 1607 3796 lamina
1635 3744 1698 3798 tram
1726 3739 1876 3802 exteriore
1898 3759 1991 3821 quum
2012 3739 2140 3802 maxiem
2162 3741 2194 3804 in

594 3827 745 3924 interiore.
789 3859 945 3941 Apparent
967 3860 998 3920 in
1021 3861 1096 3923 facie
1119 3867 1242 3922 externa
1263 3859 1420 3940 scapulae,
1451 3858 1565 3920 ossium
1593 3859 1704 3938 pelviS,
1732 3863 1841 3938 sterni,
1869 3883 1905 3923 ac
1933 3883 1971 3924 ne
1995 3863 2025 3924 in
2046 3865 2193 3946 vertebris

594 3983 722 4065 quidem,
745 4001 923 4063 quamquam
946 3982 1136 4042 multifariam
1158 3984 1335 4061 perforatae,
1358 4000 1482 4060 prorsus
1506 3981 1719 4060 desiderantur,
1742 3985 1812 4066 quin
1830 3985 1861 4046 in
1884 4005 1953 4046 osse
1975 4003 2063 4048 sucro
2086 3987 2193 4048 arlrnos

594 4105 665 4170 dum
688 4103 869 4184 conspicuae
891 4109 975 4177 sumt3
999 4106 1187 4166 contemnant
1208 4123 1271 4166 non
1300 4103 1387 4164 alitor
1409 4111 1498 4186 atque
1521 4105 1552 4166 iu
1574 4106 1693 4168 ossibus
1715 4107 1879 4181 tubulosis,
1907 4105 2048 4168 corticem
2070 4115 2190 4172 tenuem

594 4236 761 4304 costarum,
789 4247 887 4310 neque
915 4226 1014 4290 minus
1041 4247 1078 4289 os
1106 4226 1262 4288 maxillare
1290 4227 1413 4290 inferius
1436 4229 1570 4308 cingunt,
1598 4239 1688 4318 atque
1715 4229 1746 4290 in
1772 4229 1931 4310 superficie
1960 4236 2083 4294 extenta
2111 4233 2190 4296 ossis

593 4351 682 4412 etiam
704 4351 817 4431 petrosi
839 4357 997 4432 appaream
1020 4357 1054 4414 ut
1076 4349 1189 4432 paucls,
1210 4349 1319 4432 ubique
1342 4351 1618 4432 deprelreuduntnr,¹
1632 4353 1684 4416 ubi
1706 4351 1769 4413 sive
1791 4352 1975 4416 exnnseas
1990 4352 2055 4416 sive
2077 4354 2117 4417 ad
2137 4349 2194 4420 cu.

593 4474 698 4538 vitans
719 4474 851 4536 interum
871 4473 972 4555 aliqua
994 4473 1073 4538 ossis
1093 4473 1267 4556 superficies
1287 4473 1427 4552 aucun,
1456 4483 1490 4540 ut
1517 4483 1547 4538 et
1575 4477 1606 4538 iu
1629 4473 1802 4537 curaliculis
1824 4474 1954 4555 exiguis,
1983 4476 2109 4558 glabris,
2137 4481 2192 4568 qni,

592 4599 693 4664 utervis
715 4605 745 4662 et
766 4597 846 4660 vasis
867 4595 1099 4660 transndtteudis
1121 4597 1237 4662 adsunt

751 4720 940 4784 ambarum
962 4720 1126 4804 eadamque
1146 4721 1258 4804 ubique
1280 4730 1326 4786 cst
1347 4722 1523 4798 crassitudo,
1545 4739 1634 4803 qnam
1647 4723 1815 4787 Deutscb
1837 4723 1928 4810 ,ἦθ’
1949 4743 2016 4788 esse
2030 4703 2186 4807 ‹leitter-

593 4867 676 4926 rore,
705 4851 738 4908 ut
766 4845 897 4921 videtur,
923 4845 1118 4926 typographi,
1147 4845 1220 4927 qui“
1248 4845 1351 4910 loooffl
1381 4845 1589 4928 expensarum
1617 4865 1675 4926 ego
1696 4845 1814 4924 soal?
1836 4847 1890 4910 lin.
1912 4847 2003 4929 Aegl.
2025 4849 2073 4914 vel
2096 4853 2186 4938 32¹2„

585 4971 694 5052 pellic.
716 4967 806 5050 Aegl.
829 4968 939 5034 invwi.
983 4971 1064 5034 Osse
1092 4967 1178 5030 acido
1200 4969 1357 5037 nannetico
1379 4979 1468 5034 antea
1489 4975 1617 5034 tradam
1639 4977 1727 5054 adque
1749 4991 1806 5052 per
1825 4971 1946 5053 longina
1968 4981 2086 5056 tenipus
2105 4993 2186 5060 aqua
