4784 5894
935 581 1010 655 157

170 794 338 876 proposuit
362 792 508 856 tracturus
532 793 661 874 patellae
682 808 771 854 ossen
793 791 916 853 materie
938 807 1092 873 nunqnam
1115 791 1236 853 reuniri.
1284 791 1426 854 Attamen
1445 793 1510 870 jam
1532 791 1697 872 Camper
1719 789 1773 874 (1)

170 918 348 980 renniouem
370 917 501 998 patellae
525 912 636 979 tractare
659 915 824 990 substantia
846 933 917 978 vere
942 935 1031 978 ossea
1054 916 1161 977 iactam
1184 915 1273 991 unit,
1298 915 1397 997 idque,
1420 915 1491 976 licet
1514 915 1682 977 etiamnunc
1706 893 1777 976 rara

152 1043 229 1114 ,siut
259 1041 411 1122 exempla,
434 1042 604 1105 novissimis
627 1041 811 1121 temporibus
835 1042 955 1120 saepius
980 1039 1170 1102 observatum
1195 1046 1240 1101 ost
1264 1037 1325 1120 (2).
1372 1041 1419 1100 De
1442 1039 1598 1101 sanatione
1629 1039 1764 1100 fracture

168 1185 234 1226 rum
265 1165 396 1246 patellae
427 1166 687 1246 longitudiualinm
720 1165 755 1226 Α.
780 1165 862 1226 Coo
870 1184 939 1244 per
962 1161 1019 1249 (3)
1041 1135 1245 1245 experimenta
1267 1165 1297 1224 iu
1321 1162 1446 1225 cunibus
1475 1163 1616 1236 iustitium
1646 1183 1774 1244 quorum

168 1291 197 1350 in
229 1309 291 1352 uno
322 1297 393 1372 post
422 1297 482 1352 tres
506 1291 687 1371 septimanas
711 1289 852 1380 patellam
876 1288 956 1350 callo
981 1308 1080 1364 osseo,
1104 1289 1133 1349 iu
1158 1287 1224 1350 aliis
1248 1307 1321 1350 uero
1346 1287 1485 1368 ‹luobu5‚
1509 1287 1580 1369 quia
1610 1290 1774 1366 fragmenta

168 1434 229 1476 uon
260 1415 331 1477 satis
356 1421 495 1477 accurate
518 1422 660 1477 contenta
683 1415 820 1488 inerant,
844 1414 1041 1493 ligamentosa
1063 1419 1178 1474 tautum
1202 1431 1316 1487 massa,
1339 1411 1485 1474 reunitum
1509 1411 1591 1473 vidit.
1638 1411 1720 1472 ldem
1745 1411 1774 1470 iu

168 1539 315 1602 aliocane
337 1535 479 1619 patellam
503 1540 633 1600 tractura
657 1539 814 1600 decussata
837 1537 957 1611 divisit;
979 1545 1079 1618 partes
1104 1537 1180 1598 dirae
1204 1537 1376 1616 superiores
1400 1555 1498 1618 neque
1521 1537 1599 1598 iuter
1621 1555 1654 1598 se
1677 1554 1775 1617 neque

168 1685 236 1726 cum
260 1663 451 1726 inferioribus
474 1661 699 1738 coalescebant,
722 1663 879 1724 inferiores
902 1680 977 1724 vero
1001 1661 1080 1724 callo
1104 1679 1194 1723 osseo
1218 1662 1295 1723 iuter
1318 1679 1351 1722 se
1380 1659 1594 1722 reuniebantnr
1618 1659 1680 1741 (4).
1727 1659 1776 1721 tui

168 1787 306 1868 patellae,
329 1790 373 1850 sic
385 1787 529 1864 calcanei,
545 1787 687 1864 olecraui,
701 1786 826 1848 acromii
837 1787 926 1849 etiarn
945 1789 1095 1849 tracturae
1107 1783 1212 1847 eadem
1225 1803 1366 1848 excausa
1378 1791 1411 1847 ut
1429 1785 1592 1866 plurimum
1606 1783 1776 1864 ligamentis

169 1919 283 1974 tantum
305 1913 492 1975 reuniuntur.
538 1913 585 1974 De
609 1911 748 1974 fracturis
767 1911 906 1974 'oleerani
929 1911 967 1974 Α.
991 1911 1069 1974 Coo
1076 1931 1147 1991 per
1169 1910 1373 1990 experimenta
1394 1908 1551 1992 aliquotin
1564 1907 1709 1996 cuniculis
1732 1909 1775 1968 lc-

171 2038 211 2099 cit
232 2035 300 2121 (5).
348 2037 561 2117 lntegnmentis
584 2055 689 2098 versus
715 2035 841 2097 alterum
864 2035 943 2096 latus
966 2033 1115 2098 distractis
1139 2035 1276 2117 iactaque
1299 2035 1408 2114 exigna
1430 2034 1584 2108 incisione,
1608 2031 1736 2096 cultrum
1760 2051 1777 2090 c

170 2171 343 2225 transverso
373 2162 517 2224 olecrano
540 2161 683 2242 imposuit
706 2161 825 2241 ictuque
849 2159 978 2221 cultrum
1000 2159 1183 2220 intrudeudo
1207 2178 1243 2221 os
1266 2157 1425 2239 perseeuit.
1471 2159 1684 2236 Fragmentum
1716 2165 1775 2216 sta-

170 2290 223 2350 tim
252 2287 283 2350 vi
313 2286 519 2348 musculorum
549 2305 668 2348 sursum
692 2283 876 2358 tralrebatur;
899 2285 930 2346 in
953 2283 1143 2345 intervallum
1166 2282 1235 2343 iude
1259 2287 1357 2344 ortum
1381 2281 1518 2360 sangnis,
1541 2281 1609 2342 dein
1639 2279 1776 2341 materies

172 2413 299 2495 plastica
321 2411 543 2487 effundebatur,
566 2429 643 2492 quae
667 2410 778 2471 sensim
802 2409 831 2470 in
855 2409 975 2470 firmum
998 2407 1188 2489 solidumque
1211 2402 1404 2486 ligamentum
1427 2405 1536 2466 abibat.
1582 2405 1615 2465 lu
1638 2403 1777 2464 fracturis

171 2535 438 2617 longitudinalibus
468 2534 516 2597 vel
547 2554 654 2615 parum
677 2534 808 2617 obliquis
838 2532 943 2606 eadem
973 2533 1089 2594 ratione
1120 2531 1248 2607 effectis,
1271 2549 1363 2613 qunrn
1386 2535 1487 2611 partes
1510 2529 1622 2590 tractae
1646 2529 1723 2589 inter
1745 2547 1778 2590 se

171 2661 319 2726 contineri
341 2670 479 2741 possent,
503 2661 659 2737 Gooper
680 2657 769 2718 facile
791 2675 911 2718 osseam
934 2656 1109 2716 rermioncm
1133 2655 1260 2716 existere
1282 2654 1366 2716 vidit.
1413 2654 1530 2734 Quibus
1554 2621 1698 2715 omnibus
1725 2672 1778 2730 pa·

173 2797 222 2863 tot,
246 2785 369 2860 ossium,
392 2784 429 2844 de
453 2781 561 2863 quibus
585 2779 655 2856 dixi,
679 2799 749 2841 raro
772 2781 934 2860 perlectam
959 2777 1145 2839 sanationem
1167 2797 1230 2839 non
1253 2777 1284 2837 in
1307 2795 1344 2838 eo
1368 2777 1497 2856 positam
1520 2797 1596 2852 esse,
1619 2775 1701 2856 quod
1718 2775 1779 2849 illa,

174 2917 279 2992 utpote
302 2907 474 2988 spongiosi«,
498 2905 537 2966 ad
560 2901 669 2966 cessuim
693 2903 923 2984 producendum
946 2902 1044 2963 minus
1068 2907 1137 2981 apta
1160 2901 1227 2978 siut,
1250 2899 1304 2962 sed
1328 2918 1394 2961 eam
1416 2899 1517 2980 potius
1540 2899 1570 2960 in
1594 2899 1708 2960 ossium
1720 2898 1777 2958 situ

174 3035 392 3119 quaerendam,
414 3050 476 3114 quo
500 3031 546 3106 tit,
576 3037 609 3091 ut
639 3033 740 3109 partes
773 3028 917 3089 infractae
948 3026 1153 3088 musculorum
1177 3024 1381 3088 contractione
1405 3023 1482 3086 adeo
1506 3023 1716 3096 distineautur,
1730 3023 1733 3033 '
1747 3028 1779 3080 ut

175 3161 244 3222 calli
268 3156 451 3222 substantiae
474 3156 552 3217 inter
573 3173 606 3216 se
630 3171 825 3216 concrescere
848 3171 909 3213 uon
941 3152 1067 3232 possint.
1136 3177 1140 3184 ·

346 3283 468 3344 Praeter
497 3279 567 3341 calli
596 3278 806 3342 formationem
834 3295 897 3338 uon
927 3276 1121 3338 sufficientem
1151 3283 1181 3337 et
1211 3275 1376 3355 fragmenta
1403 3275 1490 3337 nimis
1523 3275 1712 3338 abinvicem
1735 3273 1780 3334 di-

176 3406 437 3486 stautiacorporis
462 3405 549 3466 etiam
574 3402 750 3483 agitationes
765 3402 944 3483 plerumque
967 3407 1000 3462 ut
1022 3412 1162 3481 magnum
1185 3400 1430 3482 impedimentum
1453 3419 1559 3462 osseae
1582 3399 1793 3490 sructuramrm

176 3532 330 3598 reuniouis
362 3529 535 3592 afferuntur.
589 3527 649 3589 Sed
678 3528 755 3588 lranc
784 3546 847 3588 rem
876 3525 973 3607 pluris
1003 3525 1133 3590 arbitror
1161 3524 1291 3586 habitam
1322 3545 1388 3588 esse
1417 3545 1505 3607 qnam
1529 3545 1585 3605 per
1607 3529 1661 3585 est.
1707 3523 1779 3582 Lar-

175 3659 316 3741 giendum
346 3655 482 3738 quidem,
512 3651 672 3732 agitatione
695 3650 819 3712 membri
842 3651 916 3712 laesi
939 3651 1104 3729 fragmenta
1126 3655 1274 3730 perpetuo
1298 3649 1439 3710 dislocari
1468 3649 1596 3730 indeque
1613 3645 1705 3746 *baud
1729 3663 1779 3706 ae-

177 3784 306 3868 qualiter
327 3780 512 3850 eoaleseere3
535 3776 602 3857 ipsa
612 3794 697 3838 -vero
722 3773 828 3837 reunio
853 3773 982 3835 motibus
1006 3791 1112 3854 parum
1127 3773 1297 3854 impeditur.
1343 3773 1410 3833 Jam
1426 3771 1572 3834 Brodie
1596 3769 1651 3853 (6)
1675 3767 1779 3831 obser-

171 3939 499 3960 -—--————-

338 4045 375 4114 (1)
395 4051 539 4111 Campe-r,
557 4048 618 4096 diss.
640 4048 671 4095 rle
691 4047 803 4095 tractura
821 4047 937 4109 patellae
957 4053 982 4094 et
999 4045 1125 4095 olecrani.
1147 4045 1236 4106 llagne
1255 4044 1385 4092 Comitum
1405 4041 1482 4092 1189.

338 4135 380 4206 (2)
398 4139 518 4201 boyer,
538 4137 604 4186 tiber
621 4135 665 4184 die
675 4137 739 4185 ebir.
750 4136 935 4184 Krunllreiten
953 4135 1099 4198 inopem„
1118 4133 1204 4185 tibere.
1223 4149 1249 4185 r.
1269 4133 1374 4195 nexior,
1392 4133 1423 4185 Τ.
1434 4130 1482 4184 lll.
1501 4147 1527 4194 p.
1536 4129 1599 4193 321,
1617 4129 1778 4178 mentionem

178 4233 239 4280 lecit
257 4228 369 4293 patellae
387 4227 493 4288 tractae,
511 4241 587 4288 quae,
606 4233 713 4276 minute
731 4225 890 4284 Lallernent
909 4224 979 4272 ealle
997 4240 1058 4274 vero
1077 4239 1152 4274 osseo
1171 4230 1312 4272 nomenata
1330 4229 1379 4280 επις
1397 4221 1432 4276 ci.
1452 4219 1552 4269 ibidem
1570 4220 1634 4272 Τὼ.
1654 4219 1705 4268 111.
1724 4219 1743 4271 l.
1753 4216 1779 4266 2.

178 4322 244 4370 rat».
263 4321 294 4372 V.
312 4319 332 4366 t.
347 4317 369 4368 l.
389 4340 424 4352 -
459 4315 533 4364 Duos
557 4317 624 4364 aiios
654 4331 730 4364 cusiis
749 4321 934 4363 commemorat
951 4313 1048 4362 Tertor
1067 4311 1132 4375 (l.c.
1151 4305 1264 4378 p‚³2l),
1283 4323 1395 4374 quorum
1413 4310 1525 4356 alterum
1544 4309 1731 4382 Amstelodarni
1750 4309 1779 4356 in

179 4426 270 4460 annaeo
280 4406 435 4454 Professorir
454 4405 589 4454 Vroliclr
609 4419 638 4452 se
657 4405 762 4465 vidisse,
780 4403 893 4450 alterurn
912 4403 939 4449 iu
958 4418 1049 4452 rnureo
1068 4401 1285 4450 lluuteriano
1303 4397 1428 4446 asservari
1447 4398 1594 4446 scribit-
1628 4399 1779 4458 Langen·

180 4499 266 4548 beck
285 4493 366 4560 (neue
384 4493 511 4540 biblioth.
530 4493 560 4546 Τ.
579 4491 628 4546 lll.
648 4509 672 4555 p.
692 4487 748 4555 69.)
769 4500 794 4540 et
817 4493 872 4554 ipse
897 4491 1037 4552 perlectam
1061 4490 1176 4554 patellae
1200 4489 1297 4544 fractae
1322 4485 1484 4536 sanationem
1503 4487 1653 4536 observasse
1671 4494 1778 4535 nonrm-

179 4589 234 4651 ‹lir3
263 4593 289 4634 et
307 4581 438 4632 nonnulla
466 4581 519 4628 elia
542 4577 623 4642 hujus
647 4583 687 4629 rei
712 4582 831 4646 exempla
855 4580 968 4630 collecta
992 4580 1112 4627 inrenies
1140 4578 1209 4641 apud
1228 4576 1390 4638 Richter,
1408 4593 1433 4632 r.
1460 4575 1512 4626 deu
1530 4575 1652 4626 niueum
1670 4590 1698 4624 u.
1717 4573 1778 4622 Ver·

178 4675 343 4735 renlnugen,
361 4670 453 4718 Berlin
473 4667 552 4720 1828.
571 4685 595 4730 p.
613 4668 678 4718 ³98.

339 4754 380 4826 (3)
398 4761 430 4810 Α.
449 4757 585 4819 cooper
603 4765 630 4804 et
647 4755 742 4820 lienj.
761 4759 918 4820 Trarers,
935 4755 957 4807 l.
976 4771 1000 4806 r.
1019 4773 1045 4820 p.
1064 4755 1125 4805 ²09.

339 4844 379 4912 (4)
399 4849 428 4900 Α.
449 4847 582 4908 Coeper,
601 4845 777 4908 nurundlung
796 4847 861 4896 tiber
878 4847 1045 4896 Luxationen
1064 4861 1090 4895 u.
1111 4843 1263 4896 Fractnren.
1284 4843 1407 4895 Weinrar
1425 4839 1504 4894 182³.
1524 4855 1549 4904 ι).
1570 4839 1629 4892 189.

343 4931 385 5004 (⁵)
405 4935 517 4995 ibidem,
536 4951 561 4996 p.
580 4934 626 4987 81.

341 5020 383 5093 (6)
403 5023 537 5086 Brodie,
555 5023 575 5073 1.
595 5039 620 5072 a.
639 5039 664 5086 p.
684 5019 747 5078 34¹1.
