4784 5894
1350 512 1403 588 ts

574 726 775 802 mmafiones,
794 724 885 806 buius
907 741 1029 808 quoque
1050 724 1156 800 morbi,
1179 730 1214 786 ot
1234 720 1395 801 racbitidis,
1416 721 1596 806 principalia
1616 731 1688 788 suut
1709 723 1811 806 aiguas
1840 723 1939 788 diflert
1966 743 2041 790 vero
2063 725 2102 790 ab
2122 727 2179 792 bae

573 859 637 914 tum
659 851 797 926 decursu,
820 856 883 912 ιιιιιι
905 867 951 924 eo,
975 849 1057 930 quod
1080 848 1273 930 provectiore
1295 853 1412 910 tantum
1433 853 1531 910 aetate
1553 846 1693 910 cernitur.
1739 847 1875 913 Dolores
1897 857 2024 928 artuum
2046 851 2099 935 qui
2114 850 2181 934 pla·

574 994 701 1058 rumque
732 971 931 1036 rheumaticae
958 971 1007 1034 vel
1034 971 1204 1036 arthritioae
1233 969 1344 1036 indolis
1373 989 1443 1034 esse
1465 971 1629 1036 credumm
1650 969 1724 1057 (l),
1747 971 1798 1034 diu
1820 991 1913 1056 saepe
1934 974 2073 1037 morbum
2095 983 2179 1038 anta·

467 1099 471 1106 '
576 1099 695 1174 cedunt,
718 1104 749 1160 et
764 1093 976 1177 progrediente
993 1093 1101 1159 morbo
1112 1100 1273 1176 cogentum
1292 1095 1400 1178 quovis
1410 1101 1495 1160 motu
1512 1075 1749 1160 vebementiorca
1761 1095 1838 1159 tiuat
1859 1097 1909 1175 ita,
1930 1105 1965 1161 ut
1986 1097 2088 1161 omnia
2108 1117 2180 1164 ossa

577 1222 698 1301 infringi
731 1218 889 1284 videantur
916 1218 1046 1300 aegrotis
1071 1217 1134 1299 (2).
1186 1218 1334 1282 Mollitias
1366 1217 1463 1282 multo
1492 1221 1597 1304 major
1618 1238 1707 1302 quam
1730 1219 1761 1282 in
1789 1219 1966 1296 abacbitidee
1995 1241 2032 1284 ac
2059 1224 2180 1288 Boar-

576 1351 693 1410 baove
716 1342 772 1427 (3)
801 1343 964 1419 homiaem,
994 1341 1045 1426 qui
1076 1340 1217 1406 emollitis
1240 1341 1358 1406 ossibus
1380 1359 1444 1406 uon
1466 1342 1531 1407 sine
1553 1341 1752 1406 acerbissimis
1775 1340 1932 1408 doioritms
1953 1345 2083 1423 ιιίιιοιιι,
2112 1365 2183 1410 ossa
2242 1427 2253 1442 ·

575 1471 716 1534 habuisse
738 1468 828 1530 refert
850 1466 927 1549 pulti
948 1463 1113 1543 simillimo,
1142 1463 1239 1550 qualis
1268 1483 1308 1528 ex
1337 1464 1457 1530 ossibus
1486 1466 1517 1530 in
1547 1466 1711 1548 Papiriiaua
1738 1465 1877 1530 mmmm
1906 1475 2049 1550 paratuum·
2083 1469 2183 1552 Saepe

576 1615 615 1658 eo
637 1611 733 1676 osque
755 1590 868 1674 passim
889 1596 970 1662 terra
992 1609 1081 1653 ossea
1102 1590 1221 1672 private
1242 1596 1313 1652 sunt
1335 1609 1421 1666 ossa,
1452 1596 1486 1652 ιιι
1507 1589 1650 1654 εἰοοιιιάο
1672 1589 1704 1652 iu
1721 1607 1769 1667 se,
1790 1588 1883 1654 velud
1904 1590 2076 1672 bgmmu,
2107 1611 2182 1658 cou-

574 1721 731 1782 trahantur
753 1736 789 1778 ae
810 1713 962 1796 pellucido
983 1710 1139 1798 dant(d);
1156 1712 1189 1775 id
1211 1713 1294 1795 quod
1316 1729 1471 1796 uunquam
1492 1714 1600 1776 accidit
1621 1714 1653 1776 iu
1675 1712 2181 1799 rbacbitidequamvisgravissima

578 1845 678 1924 Magis
700 1841 789 1903 ιιιιιιιι
810 1839 1006 1902 incurvantur
1028 1856 1099 1900 ossa
1119 1855 1219 1920 neque
1242 1837 1281 1898 ad
1310 1842 1407 1899 certas
1438 1837 1634 1913 directiones,
1662 1837 1718 1900 sed
1739 1837 1798 1901 buc
1821 1837 1902 1902 illuc.
1946 1839 2046 1904 Pelvis
2067 1841 2184 1904 rbacbi·

577 1973 702 2034 tioarum
731 1963 829 2044 primo
855 1964 920 2042 jam
946 1961 1054 2022 intuitu
1081 1960 1301 2040 distinguuntur
1323 1959 1362 2021 ab
1393 1959 1444 2036 iis,
1472 1977 1549 2043 quae
1578 1961 1794 2024 osteomalacia
1821 1961 1969 2028 distorsae
1997 1972 2084 2040 sunt;
2110 1965 2184 2033 ‚illae

576 2089 754 2176 praeprimis
777 2085 940 2148 directione
962 2084 1097 2146 diametri
1119 2091 1219 2145 rectae
1248 2082 1461 2165 (conjugatae)
1484 2103 1675 2165 compressae
1697 2092 1781 2163 sunt,
1810 2086 1891 2150 uude
1918 2107 2006 2151 arctes
2028 2087 2117 2169 pubis
2140 2087 2185 2150 di·

575 2222 683 2281 tatatus
706 2219 765 2284 est;
794 2210 824 2270 in
847 2209 892 2270 hie
914 2227 989 2269 vcro
1001 2207 1188 2292 compressio
1211 2206 1245 2267 m
1266 2225 1284 2267 e
1307 2205 1472 2270 directione
1494 2206 1727 2286 metabulorum,
1749 2227 1787 2272 eo
1810 2227 1916 2293 usque,
1945 2218 1980 2273 ιιι
2000 2213 2078 2274 rami
2098 2213 2180 2275 bori-

578 2339 713 2406 zontales
736 2332 824 2416 pubis
848 2331 971 2393 internis
993 2329 1056 2392 suis
1078 2329 1212 2392 faciebus
1235 2329 1383 2391 interdum
1405 2330 1463 2392 sibi
1485 2330 1614 2394 invicem
1635 2332 1699 2394 iere
1721 2331 1896 2414 adjaceant3
1918 2334 1988 2398 biuo
2010 2343 2186 2417 angustatur

578 2483 667 2528 arcus
690 2459 778 2542 pubis
808 2453 961 2536 magisque
992 2459 1155 2516 excavatur
1183 2469 1219 2515 os
1248 2471 1369 2514 sacrum
1399 2451 1512 2535 (pelvis
1533 2455 1747 2540 rostrisormis)
1770 2453 1838 2542 (ὅ).
1885 2459 1992 2539 Capita
2002 2459 2187 2522 articularia

578 2583 609 2642 in
631 2553 690 2641 hoc
712 2575 819 2642 morbo
849 2596 912 2640 non
935 2578 1104 2654 tumetiunt,
1134 2595 1227 2660 quum
1254 2595 1375 2656 semper
1403 2575 1463 2640 hoc
1490 2577 1544 2640 tiat
1574 2578 1605 2640 iu
1637 2579 1810 2643 rhacbitide.
1854 2581 1982 2646 Ossibus
2004 2582 2112 2664 capitis
2134 2583 2186 2646 diu

577 2703 675 2785 parcit
696 2699 832 2774 morbose
856 2707 984 2763 attamen
1009 2700 1212 2780 Morgagui
1241 2698 1295 2783 (6)
1326 2699 1419 2762 semel
1451 2719 1521 2764 ossa
1551 2702 1639 2764 etiem
1669 2723 1715 2781 ea,
1737 2723 1816 2786 quae
1838 2705 1931 2768 cranii
1954 2706 2099 2770 fornicem
2120 2707 2185 2770 effi·

578 2829 668 2902 ciunt,
690 2845 753 2890 non
775 2844 872 2900 secus,
895 2845 931 2886 ac
953 2825 979 2886 si
1003 2843 1039 2886 ex
1065 2823 1214 2888 crassiore
1237 2843 1355 2905 papyro
1378 2832 1487 2902 esseut,
1510 2825 1653 2888 flexibilia
1675 2826 1856 2891 observavit.

739 2950 928 3012 cadaverum
958 2947 1141 3010 sectionibus
1170 2947 1354 3026 periosteom
1383 2948 1578 3028 utplurimum
1608 2949 1708 3014 laxius
1737 2952 1800 3014 ossi
1829 2952 1994 3017 adhaerens
2024 2956 2184 3037 repetitum

580 3073 712 3136 medulla
735 3092 858 3153 aquosa,
883 3069 1034 3132 interdum
1057 3069 1186 3148 glebulis
1208 3069 1380 3149 sanguineis
1404 3070 1510 3144 mixta;
1542 3091 1613 3135 ossa
1639 3073 1779 3152 emollita,
1803 3083 1954 3170 pttenuata
1974 3081 2098 3142 testium
2118 3097 2185 3142 car-

578 3205 725 3258 nosoruut
747 3193 896 3256 interdum
918 3193 1052 3253 referunt
1074 3192 1214 3272 speeiem.
1259 3193 1294 3254 In
1316 3193 1426 3255 femina
1448 3193 1501 3256 illa
1524 3195 1686 3278 Supiot,
1709 3197 1819 3280 deque
1839 3206 1900 3262 tam
1922 3201 2015 3264 multa
2037 3203 2185 3268 disserue-

580 3327 650 3381 runt
671 3318 843 3398 scriptores,
866 3314 964 3378 media
988 3313 1060 3376 tibia
1083 3333 1153 3377 cum
1175 3315 1310 3396 partibus
1333 3316 1475 3380 mollibus
1497 3337 1624 3400 prorsus
1646 3321 1801 3386 coaluerat
1821 3342 1920 3407 neque
1942 3325 2078 3406 dignosci
2099 3335 2186 3410 pote·

580 3453 627 3504 rat
648 3440 710 3522 (7).
756 3439 862 3502 Utrum
890 3458 963 3502 vero
992 3457 1081 3515 ossa,
1111 3447 1232 3520 praeter
1260 3437 1343 3521 quod
1365 3438 1478 3503 edibus
1501 3440 1650 3506 calcariae
1672 3453 1789 3523 orent,
1816 3454 1967 3512 ειιιιοιιιιιι
1987 3469 2110 3535 quoque
2131 3453 2187 3516 im.

578 3573 690 3630 mutata
712 3565 779 3641 sint,
801 3571 831 3626 et
853 3562 950 3646 qualis
971 3563 1045 3624 baec
1066 3569 1234 3624 stmrcturae
1255 3563 1295 3624 sit
1316 3564 1518 3641 commutatio,
1540 3565 1675 3630 noudum
1697 3568 1888 3651 exploratum
1908 3580 1964 3634 est.

742 3686 965 3752 Osteomalacia
992 3687 1055 3748 iere
1077 3705 1198 3768 semper
1219 3691 1347 3748 mortem
1370 3686 1507 3766 adducit,
1530 3689 1593 3752 sive
1615 3709 1672 3772 per
1700 3711 1749 3769 se,
1774 3701 1901 3776 propter
1921 3695 2030 3758 maim
2052 3693 2186 3756 omnium

577 3817 736 3882 humorum
758 3813 946 3888 minionem,
975 3811 1038 3874 sive
1068 3813 1150 3894 quod
1178 3812 1297 3874 ossibus
1325 3811 1489 3875 incurvatis
1520 3831 1635 3894 organa
1663 3815 1703 3878 ad
1737 3817 1829 3881 vitam
1858 3819 2000 3900 graviora
2021 3817 2184 3882 uruntur.

741 4105 781 4178 (l)
801 4110 997 4173 Gagliardi,
1016 4111 1035 4160 I.
1054 4125 1078 4162 a.
1096 4127 1123 4174 p.
1142 4112 1187 4166 to.
1205 4135 1241 4149 -
1259 4113 1443 4164 Thomsou:
1464 4115 1493 4165 iu
1510 4113 1678 4168 Itiebten
1697 4121 1763 4174 abir.
1783 4121 1938 4174 Bibliotbek
1955 4123 2015 4176 Vol.
2034 4121 2078 4176 tt.
2096 4137 2123 4188 p.
2141 4121 2185 4176 ot.

738 4197 779 4266 (2)
798 4199 999 4270 Morgagni,
1018 4199 1038 4247 I.
1056 4214 1080 4251 c.
1100 4213 1141 4262 cp.
1160 4199 1257 4253 LVIII.
1276 4209 1325 4251 art.
1343 4199 1371 4255 4.
1868 4232 1873 4242 .

740 4285 781 4353 (8)
805 4289 1018 4353 Boerbaare,
1042 4287 1123 4352 praei.
1142 4289 1175 4336 ad
1193 4289 1275 4342 instit.
1294 4289 1320 4352 ς.
1336 4288 1399 4343 401.

741 4373 781 4442 (4)
800 4377 1023 4429 Lucutcuttssime
1042 4378 1092 4428 boc
1110 4378 1271 4442 conspicitur
1289 4379 1318 4428 iu
1336 4377 1442 4428 coeletia
1460 4378 1573 4445 duobus,
1591 4398 1661 4447 quae
1679 4386 1708 4434 tu
1726 4400 1819 4436 museo
1836 4386 1925 4440 Bcrol.
1943 4396 2118 4451 nummus,
2136 4387 2187 4444 tto.

526 4485 535 4504 ο
578 4465 651 4526 2100
669 4473 695 4514 et
713 4461 800 4522 4³0³,
820 4466 1378 4528 quammatterumrrattemirmeauuorum
1396 4469 1504 4531 triginta
1520 4483 1575 4532 aex,
1592 4471 1708 4524 atteram
1721 4475 1827 4536 puellae
1843 4453 1973 4526 annorum
1981 4477 2186 4532 umerum.

741 4547 782 4618 (5]
801 4553 875 4605 Cant.
894 4553 992 4615 Ituat,
1011 4555 1117 4608 IIandb.
1136 4556 1183 4605 der
1201 4556 1345 4618 chirurgia,
1363 4556 1411 4605 lid.
1430 4557 1461 4611 V.
1478 4559 1534 4609 Art.
1553 4567 1693 4612 curvatura
1710 4563 1795 4626 paida
1812 4578 1839 4627 p.
1857 4561 1921 4620 boa.
1934 4561 2095 4628 asten,
2114 4573 2186 4618 unt.

577 4642 690 4712 physici.
708 4641 910 4703 demortuageu
929 4641 995 4691 ttber
1012 4641 1391 4708 Rttrkgratbsrerlrrttmmuag,
1410 4645 1453 4694 ta:
1473 4644 1498 4699 I.
1517 4645 1688 4699 Muellera
1708 4651 1803 4702 archiv
1823 4651 1900 4704 18³4.
1920 4669 1946 4716 p.
1964 4651 2027 4706 231.

741 4722 784 4795 (e)
803 4729 1000 4797 Morgagnt,
1017 4729 1039 4780 i.
1058 4745 1083 4781 c.
1101 4731 1188 4780 LVIII
1207 4740 1255 4786 art.
1273 4731 1300 4784 ⁵.

742 4809 782 4882 (t)
801 4818 875 4868 cant.
895 4819 1049 4882 Carpati,
1068 4819 1087 4870 I.
1107 4835 1130 4874 c.
1149 4835 1175 4884 p.
1194 4817 1255 4872 ²1⁴.
