4784 5894
1380 527 1458 606 18⁶

617 747 646 802 ct
656 739 865 804 formationem
877 738 1119 820 grmudabonnm
1130 737 1173 803 nil
1185 756 1253 808 esse
1264 745 1390 818 apparet
1399 737 1458 816 nisi
1470 735 1698 801 exsudationem
1708 734 1976 812 irrflammetoriam,
1990 735 2094 816 specie
2105 742 2213 800 turtum

618 871 815 926 mutatam-
859 863 974 925 Notum
997 869 1050 936 est,
1072 861 1097 924 si
1120 879 1191 922 osse
1213 858 1364 922 denudata
1386 861 1504 922 terebra
1521 862 1725 940 pervaserat·
1746 860 1814 936 sint,
1837 878 1875 920 ex
1896 858 2086 924 toraminulis
2105 879 2215 939 granu

619 987 747 1052 tationes
770 986 918 1068 prosilire,
940 985 1082 1068 illamque
1104 983 1278 1054 Belloste
1301 982 1330 1044 in
1344 983 1486 1046 curandis
1509 983 1629 1060 ossibus
1651 982 1819 1059 enudans,
1840 1002 1879 1046 ne
1894 981 2048 1047 edelhun
2072 983 2217 1056 existeret,

620 1110 816 1194 proposuisse
834 1107 942 1188 agend
959 1109 1121 1182 rationem
1143 1107 1221 1170 banc
1232 1105 1391 1188 experiens
1408 1108 1541 1171 Tenon
1554 1107 1608 1184 (1)
1632 1125 1650 1168 e
1668 1106 1762 1174 fundo
1780 1105 2028 1180 toraminulnrum
2047 1105 2135 1168 initio
2150 1105 2215 1170 sub-

619 1233 755 1295 stantiam
769 1231 917 1314 quandam
929 1232 1059 1296 albidum
1068 1231 1252 1313 mollemque
1263 1229 1337 1293 vidit
1347 1229 1496 1310 prosilire,
1518 1229 1807 1312 quaeaculecerata
1818 1229 1993 1310 seminem
2005 1249 2067 1292 nou
2087 1230 2216 1292 cdunde·

622 1356 678 1432 bct,
701 1355 800 1438 itaque
810 1355 891 1418 vasis
903 1355 1032 1434 serebat,
1053 1361 1160 1436 postea
1181 1373 1255 1416 vero
1279 1353 1311 1414 in
1333 1372 1421 1423 veras
1442 1352 1942 1432 granrrlatinnestransrnutsbatnr.
1987 1353 2104 1419 similia
2126 1355 2218 1417 Hun-

621 1477 744 1555 terffi)
768 1499 786 1540 ι
808 1499 841 1540 se
865 1479 1024 1542 observata
1045 1479 1151 1554 reiert;
1171 1476 1225 1560 qui
1248 1497 1340 1559 quum
1351 1482 1504 1539 externam
1527 1477 1716 1557 superficiem
1739 1477 1817 1540 ossis
1840 1476 1934 1557 pedis,
1956 1483 2136 1558 experturus
2151 1495 2219 1540 nun

621 1601 844 1680 guarrulationes
868 1602 898 1664 in
922 1623 958 1664 ea
980 1603 1111 1666 oriturae
1134 1609 1244 1671 esseut
1268 1601 1398 1675 tersisset,
1421 1607 1545 1679 postero
1569 1600 1617 1662 dia
1639 1600 1835 1662 substantiam
1857 1599 1989 1662 albidum
2010 1599 2038 1662 ei
2060 1600 2221 1662 obductam

621 1725 742 1798 iurarit,
763 1725 949 1805 specilioque
971 1725 1112 1806 imposito
1135 1743 1196 1786 non
1216 1725 1280 1802 Jam
1303 1722 1399 1804 ipsum
1416 1742 1461 1797 ns,
1482 1723 1624 1787 sedbanc
1637 1723 1833 1786 substantiam
1857 1730 1938 1786 ncta
1961 1722 2104 1803 percepit3
2129 1743 2221 1805 qum

620 1848 838 1928 suppuratione
860 1855 1030 1929 separatum
1052 1847 1089 1910 iri
1111 1847 1253 1923 credens,
1275 1845 1324 1908 die
1343 1852 1415 1927 post
1443 1846 1528 1910 illurn
1557 1847 1697 1928 proximo
1730 1846 1904 1910 vasculis
1937 1847 2168 1910 instructam
2190 1853 2221 1910 et

621 1970 969 2048 granulaticnibus
998 1971 1106 2033 sanis
1132 1989 1292 2052 prorsus
1321 1970 1484 2034 similem
1507 1971 1614 2034 iactam
1644 1970 1727 2036 vidit.
1777 1969 1860 2032 idern
1888 1969 1979 2032 etiam
2005 1969 2036 2032 in
2063 1969 2221 2051 superficie

620 2094 755 2155 ulcerum
778 2111 870 2175 saepe
891 2094 1087 2159 substantiam
1114 2093 1255 2174 lymphae
1285 2092 1495 2156 concrescibili
1527 2093 1708 2156 simillimam
1742 2112 1810 2156 sese
1843 2092 2075 2174 deprehendisse
2108 2093 2221 2170 assent

620 2235 697 2296 quae
720 2224 844 2296 postero
863 2219 928 2296 Jem
951 2217 1000 2280 die
1022 2217 1123 2283 multis
1145 2216 1225 2279 vasis
1248 2216 1392 2280 instructa
1415 2215 1503 2278 suerit
1525 2217 1713 2298 specilloqne
1735 2224 1814 2282 tacta
1830 2217 2003 2298 sunguinem
2027 2223 2076 2282 set
2096 2216 2221 2282 multum

621 2339 813 2400 effuderit.-
863 2339 1043 2402 Membrana
1065 2338 1223 2403 abscessus
1235 2338 1405 2414 investiens,
1428 2339 1553 2418 perinde
1571 2347 1660 2421 etque
1673 2361 1735 2416 eae,
1757 2361 1834 2422 quae
1843 2341 1956 2406 circum
1976 2359 2109 2421 corpora
2117 2341 2222 2420 aliena

621 2479 742 2542 eaeque,
766 2479 843 2542 quae
866 2461 977 2525 circum
1000 2460 1176 2540 sangninem
1198 2467 1284 2523 extre
1304 2481 1377 2524 vasa
1399 2462 1526 2525 effusum
1549 2462 1697 2526 interdurn
1720 2465 1887 2544 fingurmn,
1916 2464 2057 2529 materiae
2080 2463 2221 2545 plasticae

621 2601 659 2647 ex
682 2583 748 2647 telis
769 2583 958 2649 numanns
981 2584 1145 2646 exardetae
1166 2591 1196 2644 et
1218 2585 1406 2666 organismo
1429 2593 1528 2648 ornun
1553 2585 1655 2662 debet3
1684 2587 1718 2650 id
1747 2588 1830 2670 qnod
1859 2607 1897 2650 ex
1920 2588 2220 2652 observationibus·

623 2701 949 2792 veneraremur
972 2706 1144 2768 Gendrin
1160 2707 1212 2784 (Ι)
1235 2707 1335 2772 allatis
1358 2708 1469 2784 elucet,
1492 2710 1544 2792 qui
1566 2711 1744 2789 formarum,
1767 2731 1842 2792 quas
1865 2710 2037 2774 membrana
2058 2711 2127 2789 illa,
2150 2712 2219 2776 dnm

620 2828 778 2909 pariliatirn
799 2830 957 2912 etfregitua
979 2829 1122 2912 deinceps
1144 2831 1270 2910 exbibet,
1293 2833 1443 2912 persecuti
1465 2841 1535 2896 sunt
1556 2834 1674 2896 seriem.
1718 2834 1835 2918 Aperta
1852 2835 1942 2915 igtur
1955 2835 2107 2912 abscessu,
2128 2855 2220 2900 mem·

618 2952 728 3030 brana,
762 2972 852 3038 qnam
887 2953 966 3032 dixi,
999 2953 1241 3034 grmulaticnum
1276 2953 1306 3016 in
1349 2957 1476 3018 sormam
1505 2958 1651 3035 assurgit,
1684 2977 1723 3020 ex
1753 2979 1816 3040 quc
1853 2958 1965 3035 elucet,
1997 2959 2219 3039 granulatim

617 3087 725 3136 natine
748 3094 803 3136 sna
826 3095 888 3139 non
911 3075 1030 3139 differre
1054 3095 1072 3136 ι
1095 3076 1268 3141 membrana
1289 3077 1392 3155 spuria
1414 3078 1587 3143 succisormi
1610 3078 1814 3156 abscessuum,
1837 3082 2010 3164 eidemque,
2032 3089 2123 3166 atqua
2145 3085 2221 3148 banc

619 3196 834 3274 merissimam,
858 3197 989 3272 ratione,
1011 3199 1134 3263 materie
1157 3198 1273 3262 scilicet
1293 3199 1421 3280 plastica
1442 3202 1589 3265 exsudata
1611 3209 1641 3264 et
1664 3205 1849 3283 crgurisata,
1873 3206 2005 3270 [ormari.
2030 3243 2072 3256 -
2120 3208 2218 3270 Gen-

618 3319 703 3380 drin
726 3319 779 3398 (5)
801 3321 834 3382 in
855 3320 1028 3384 vulneribus
1050 3321 1284 3406 suppurantibus
1307 3323 1417 3406 apertis
1440 3325 1608 3390 cicatricem
1632 3327 1804 3393 observavit
1831 3329 1931 3410 effingi
1962 3349 1980 3392 e
2007 3332 2133 3396 mande
2152 3330 2218 3412 gls-

615 3442 724 3519 tinosa,
746 3461 844 3524 paene
866 3443 1032 3524 coagulata,
1053 3445 1085 3505 in
1107 3445 1296 3526 superficiem
1318 3445 1450 3508 vulneris
1474 3448 1579 3514 effusa.
1622 3451 1691 3530 lpse
1714 3451 1972 3517 Crnveilbier
1989 3453 2042 3536 (6)
2072 3455 2217 3520 membra-

615 3585 684 3630 nam
707 3565 838 3644 mollem,
861 3566 991 3644 rubram,
1012 3566 1093 3630 vasis
1115 3566 1326 3644 abundantem,
1347 3587 1424 3652 quae
1447 3590 1488 3638 ex
1507 3573 1765 3652 granulationibus
1776 3575 1985 3654 constituatur,
2004 3577 2092 3642 initio
2112 3597 2218 3660 parum

614 3692 777 3754 coiracrere
799 3711 867 3754 cum
888 3691 1032 3772 partibus,
1055 3690 1299 3776 quibusadjacet,
1322 3694 1496 3766 contimtum
1520 3697 1602 3777 quod
1626 3697 1745 3760 itaesse
1760 3717 1822 3760 non
1843 3706 1958 3778 posset,
1980 3700 2008 3764 si
2028 3701 2215 3768 incrementa

614 3817 718 3878 barrum
742 3816 871 3896 partium
894 3816 950 3880 illa
971 3816 1108 3880 oriretur.
1121 3849 1159 3863 -
1206 3815 1308 3878 Sicubi
1330 3817 1555 3898 granulationes
1578 3821 1642 3884 sive
1664 3821 1838 3902 superficies
1859 3821 1938 3884 duca
1958 3825 2218 3904 granulationibus

613 3938 729 3998 obsitae
751 3937 829 3998 inter
850 3957 883 4000 se
906 3938 1097 4018 contingunt,
1126 3939 1210 4002 brevi
1241 3959 1277 4002 ac
1297 3941 1439 4006 facillime
1469 3942 1659 4007 coalescunt:
1694 3944 1726 4006 id
1754 3945 1837 4027 quad
1865 3945 2009 4028 imprimis
2038 3948 2070 4012 ia
2098 3951 2219 4017 centus

613 4059 769 4122 denudatis
792 4058 823 4121 in
844 4065 967 4140 promtu
989 4071 1049 4136 est,
1080 4080 1117 4141 err
1140 4061 1249 4144 quibus
1271 4082 1363 4143 saepe
1385 4065 1475 4126 variis
1499 4073 1529 4126 et
1551 4065 1628 4128 iuter
1655 4087 1688 4130 se
1718 4069 1863 4148 sejunctis
1891 4070 2025 4151 partibus
2054 4073 2217 4153 prosiliunt

611 4182 843 4262 grsrrulaticues
865 4189 1031 4268 auctaeque
1052 4201 1148 4266 usque
1170 4202 1217 4261 ao,
1241 4184 1389 4250 durasibi
1412 4185 1539 4250 invicem
1563 4189 1721 4270 appositae
1742 4199 1823 4270 srmt,
1845 4192 1877 4256 iu
1899 4207 2216 4265 unumcnacreseunt.

612 4356 933 4375 mm

771 4493 814 4567 (l)
832 4499 956 4563 Tenon,
974 4504 1017 4550 ine
1035 4503 1116 4560 Μόιιι.
1134 4505 1168 4555 de
1185 4501 1278 4562 l'acad.
1296 4522 1351 4570 roy.
1370 4507 1414 4556 des
1434 4523 1470 4560 sc.
1490 4491 1562 4556 rarii
1584 4507 1662 4572 1758,
1680 4525 1705 4572 p.
1725 4509 1787 4561 doe.
1805 4509 1868 4565 ⁴1³.

771 4582 814 4656 (2)
834 4588 982 4650 liuntur,
999 4590 1020 4643 1.
1038 4607 1062 4644 c.
1080 4601 1143 4642 tona.
1163 4593 1199 4650 u,
1217 4604 1280 4648 sect.
1299 4595 1336 4645 ΙΙ.
1355 4611 1381 4658 p.
1402 4595 1464 4646 iffi.

772 4671 815 4744 (8)
834 4676 1011 4738 vura-me,
1028 4678 1092 4731 dict.
1111 4681 1156 4728 des
1174 4697 1211 4730 sc.
1230 4683 1326 4734 ndeiic.
1346 4691 1409 4734 tom.
1429 4685 1548 4739 ΧΧΧΙῙ.
1567 4702 1594 4748 p.
1614 4683 1676 4736 2³4.

771 4759 814 4830 (d)
833 4763 1003 4826 (tandein,
1020 4766 1041 4817 Ι.
1060 4781 1084 4816 c.
1104 4774 1164 4821 turn.
1185 4770 1208 4817 1.
1226 4786 1251 4832 p.
1270 4769 1321 4832 26;
1340 4779 1401 4820 tum.
1419 4772 1455 4827 11.
1475 4789 1501 4836 p.
1520 4773 1581 4828 ⁴40.
1601 4774 1663 4829 ede.

769 4849 810 4916 (5)
830 4853 869 4904 id.
888 4854 908 4907 1.
928 4869 951 4908 c.
970 4861 1033 4904 tam.
1054 4851 1089 4916 ΙΙ,
1106 4871 1132 4917 p.
1150 4853 1205 4905 ³20
1222 4872 1277 4921 sqq.

768 4939 809 5004 (s)
829 4941 1067 5006 crureilbier,
1086 4950 1157 4996 aaut.
1175 4946 1244 5007 putta.
1264 4953 1326 4996 ιοι.
1346 4944 1382 4999 11.
1400 4962 1427 5010 p.
1448 4945 1508 4998 158.
