4784 5894
637 765 750 838 delore,
772 761 868 824 libere
888 759 1161 840 vagari-rintbamp
1176 759 1704 844 dmarneqeeorettoeitanoque
1726 761 1826 830 teuta
1850 759 1990 840 obligata-
2017 758 2127 834 ‚luido
2147 779 2236 824 rneur·

637 890 722 949 brem
746 888 872 948 ductum
893 886 953 946 bno
972 883 1246 959 illuc-duetuabat,
1272 883 1474 966 enecentur
1492 885 1687 952 'mittendum
1710 905 1802 966 saepe
1828 885 1861 950 in
1889 883 2087 948 dimotionem
2110 884 2235 947 nurmali

636 1013 727 1092 plene
750 1010 922 1091 oppositum
942 1007 1127 1079 redebitum
1160 1027 1267 1072 verum
1288 1008 1413 1090 aliqum
1427 1009 1649 1090 tubuepest,
1667 1009 1915 1082 durlacntmor
1934 1009 2050 1070 circum
2078 1009 2236 1072 tracturuu

637 1145 761 1200 enorme
783 1141 854 1208 erit,
877 1153 931 1212 pce
954 1137 1063 1212 sponte
1076 1138 1255 1194 -antrorsuru
1275 1133 1500 1199 refleonbuue
1529 1133 1720 1207 ,Fracturum
1752 1133 1847 1216 magis
1877 1132 2016 1200 minusve
2033 1153 2156 1212 eeurper
2176 1134 2235 1197 dis-

635 1262 762 1336 locatac,
783 1257 868 1320 initio
891 1256 995 1337 paucis
1017 1256 1100 1317 horis
1122 1256 1286 1334 interjectis
1305 1263 1407 1320 scone
1428 1263 1506 1332 eunt,
1530 1256 1599 1322 dein
1621 1257 1763 1339 quotidie,
1785 1263 1940 1338 pestremo
1964 1257 2051 1321 tertio
2067 1257 2116 1321 rel
2135 1257 2234 1338 quintu

588 1396 598 1404 “
636 1403 757 1469 qnoque
779 1383 836 1457 die,
858 1387 1017 1461 postquam
1040 1389 1073 1440 nt
1094 1379 1257 1460 plurimum
1276 1397 1352 1442 ensa
1374 1380 1469 1460 partie
1492 1381 1635 1444 infractae
1658 1381 1707 1442 vel
1731 1380 1834 1444 subtili
1854 1379 1979 1460 glutieris
2001 1379 2155 1442 solutione
2177 1381 2234 1442 cin·

636 1509 747 1572 nabere
769 1507 914 1580 colorata,
936 1503 987 1566 vel
1007 1523 1087 1586 equi
1109 1523 1204 1566 coctu
1226 1504 1318 1566 tinctu
1339 1504 1543 1583 impleveram.
1590 1505 1629 1566 Ut
1651 1511 1751 1569 numm
1774 1503 1845 1566 culli
1866 1504 2077 1570 tornationem
2098 1504 2131 1566 iu
2153 1503 2254 1566 cuuto

636 1635 674 1697 tia
696 1649 905 1712 comparerent
926 1649 995 1690 cum
1013 1648 1070 1704 ee,
1104 1647 1184 1709 quee
1211 1628 1244 1688 lit
1274 1627 1305 1688 iu
1332 1627 1521 1706 junioribus,
1554 1628 1659 1692 eadem
1681 1628 1886 1709 experimenti
1910 1627 1941 1690 in
1964 1627 2071 1693 tuitus
2093 1629 2145 1694 uix
2176 1629 2236 1692 dies

637 1766 708 1836 octo
729 1755 808 1818 natis
830 1752 946 1832 repetii.
992 1751 1041 1812 Ad
1062 1751 1271 1834 inquirendam
1294 1751 1423 1840 denique
1446 1751 1573 1815 emendi
1595 1751 1796 1818 rationemin
1824 1753 1979 1828 irretiris,
2006 1772 2085 1834 quoe
2114 1754 2235 1834 compli-

637 1891 722 1947 ωηο
745 1880 900 1951 dicuntur,
927 1875 1045 1936 tertiam
1067 1875 1340 1955 experimentorum
1363 1875 1471 1948 seriem
1491 1875 1622 1953 institui,
1651 1875 1776 1940 linteum
1796 1883 1934 1957 carpium
1962 1876 2040 1940 miro
2064 1897 2119 1957 per
2142 1885 2234 1940 cutem

638 2016 726 2074 antee
749 2002 875 2066 incisum
897 2000 928 2061 iu
953 2019 988 2062 oe
1012 2000 1178 2080 imponam,
1201 2000 1449 2082 suppurationem
1472 1999 1502 2062 in
1525 1998 1598 2062 loeo
1620 1983 1749 2066 iniraoto
1772 2001 1909 2065 excitavi.

712 2133 717 2143 ’
797 2125 846 2187 Ne
867 2123 974 2186 nimiae
997 2123 1187 2189 crematione
1208 2124 1397 2204 singulorum
1419 2123 1703 2205 experimentorum,
1726 2145 1804 2206 quae
1824 2143 1985 2188 numerum
2007 2125 2128 2204 triginta
2150 2145 2235 2188 exsu-

636 2261 750 2340 perant,
772 2249 925 2312 molestias
945 2249 1054 2309 lectori
1076 2265 1228 2322 moveam,
1247 2262 1397 2311 enmuram
1419 2254 1676 2324 imeneorum,
1700 2267 1778 2330 quae
1799 2249 1976 2323 obseruari,
1998 2267 2165 2329 exponam,
2187 2269 2235 2312 ene

634 2371 736 2443 tamen
759 2376 905 2436 lrecmrae
928 2370 1082 2452 eliquanto
1105 2371 1201 2432 ineius
1223 2371 1413 2447 describens,
1442 2390 1534 2451 quas,
1562 2376 1667 2452 utpote
1688 2372 1759 2436 colli
1782 2372 1986 2441 evolutionem
2013 2373 2142 2436 maxime
2171 2394 2234 2454 per-

637 2505 807 2574 lustrantes,
831 2492 1026 2556 delineandas
1048 2501 1137 2575 etque
1159 2493 1223 2556 aeri
1244 2493 1419 2558 incidendae
1440 2496 1554 2558 curavi.
1606 2495 1673 2560 Nee
1704 2495 1803 2560 mirum
1824 2496 1858 2558 in
1879 2497 2082 2562 describendis
2104 2518 2233 2562 mmmu·

637 2623 800 2690 talionibus
829 2618 958 2700 partium
980 2617 1117 2679 mollium
1139 2617 1413 2698 circumjacentium
1435 2620 1534 2684 brevis
1557 2639 1626 2698 ero,
1654 2621 1768 2704 quippe
1795 2641 1872 2704 qnae
1900 2621 2129 2685 aBresclret
2150 2641 2233 2684 eccu-

637 2749 785 2813 tutissime
807 2751 836 2806 et
858 2742 948 2824 plene
970 2748 1171 2822 congruenter
1192 2742 1237 2819 iie,
1261 2763 1337 2825 quae
1359 2744 1424 2825 ipse
1444 2744 1555 2822 inveni,
1577 2745 1718 2826 exposita
1740 2745 1808 2810 tint.

693 2963 716 3024 l.
762 2963 868 3041 Quae
890 2954 1023 3019 stetim
1044 2961 1132 3036 post
1154 2955 1361 3017 fracturam
1383 2957 1598 3040 primisque
1621 2957 1759 3022 diebus
1783 2978 1861 3020 eam
1885 2957 2180 3040 insequentibus

1301 3081 1578 3144 observantur.

796 3237 909 3301 uirum
929 3237 976 3298 vis
998 3236 1037 3298 ed
1060 3236 1314 3315 frangendum-os
1336 3237 1466 3315 admota,
1488 3240 1597 3320 partim
1619 3241 1717 3320 ipsum
1737 3261 1777 3304 oa
1799 3240 1959 3308 infractum
1980 3241 2080 3324 verim
2109 3243 2233 3322 partium

636 3365 773 3430 mollium
795 3361 945 3423 laesiones
968 3359 1115 3432 ellicirmt;
1147 3360 1330 3440 periosteum
1352 3361 1537 3440 discinditur,
1559 3329 1687 3426 mueeuli
1709 3364 1847 3444 proxime
1867 3367 2004 3444 jacentes
2028 3365 2233 3438 dilacerantur,

636 3499 726 3573 etque
747 3505 803 3569 per
822 3491 925 3565 ‘partes
944 3484 1088 3546 inirectas
1111 3491 1141 3544 et
1163 3482 1325 3546 dislocatas
1347 3483 1420 3546 loco
1441 3505 1499 3547 sno
1521 3486 1727 3564 diruerentur,
1757 3488 1886 3572 indeque
1909 3489 2054 3552 contiuuo
2084 3490 2233 3571 eangrrinis

636 3614 752 3688 effusio,
773 3615 881 3692 postea
903 3607 1095 3670 inflammatio
1118 3613 1208 3688 atque
1231 3607 1458 3670 intumescentia
1480 3611 1682 3692 consequitur.
1728 3612 1836 3676 Primis
1858 3612 1948 3692 igitur
1968 3611 2076 3677 diebus
2091 3614 2149 3676 sub
2162 3623 2233 3686 cute,

636 3741 667 3802 in
688 3737 749 3800 tela
770 3733 919 3797 celluloea
938 3732 1028 3808 laxa·
1041 3749 1119 3814 quoe
1141 3731 1264 3793 interest
1285 3731 1365 3794 inter
1385 3733 1467 3794 illam
1488 3741 1520 3794 et
1543 3734 1668 3796 luscium
1689 3736 1852 3812 crrualem,
1876 3736 2001 3800 fluidum
2023 3756 2164 3800 eerosunr
2186 3759 2233 3806 ru-

635 3863 797 3926 bicundum
814 3865 952 3939 epponem
973 3857 1053 3918 inire
1075 3855 1207 3932 iamiam,
1230 3856 1261 3918 iu
1284 3857 1344 3918 tele
1366 3857 1514 3920 cellulosa
1537 3859 1692 3922 musculos
1714 3859 1904 3936 obvolveule,
1927 3867 1958 3924 et
1979 3861 2117 3942 proxime
2141 3861 2233 3924 adlo-

637 4005 707 4048 cum
728 3986 856 4044 badum
877 3981 956 4040 inter
977 3978 1114 4058 singulos
1137 3981 1226 4041 etiam
1248 3980 1454 4044 musculorum
1477 3983 1646 4060 fasciculos,
1669 3984 1791 4064 sanguis
1814 3984 1926 4048 ellueue
1950 3990 2008 4062 eet,
2031 3985 2146 4068 bneque
2167 4005 2234 4068 par·

636 4117 681 4171 tes
693 4103 797 4168 colore
810 4123 827 4165 e
839 4101 1034 4164 lusco-rubro
1046 4101 1140 4180 tingit.
1161 4102 1223 4182 lpei
1231 4102 1309 4165 nne
1321 4104 1398 4166 ossis
1411 4105 1527 4166 infracti
1548 4127 1605 4188 per
1628 4115 1741 4174 worm
1764 4107 1917 4190 quoddam
1937 4109 2068 4190 epatium
2084 4110 2233 4191 perioeteo

637 4229 778 4295 denudati
800 4225 965 4308 itidemque
982 4223 1128 4304 sunguine
1151 4223 1322 4288 circumfusi
1345 4236 1504 4307 apparent,
1527 4231 1617 4292 tubus
1639 4230 1813 4293 medullaris
1836 4239 2048 4296 concremento
2070 4233 2234 4314 sanguineo

637 4354 794 4417 obturatus
817 4358 870 4426 est,
893 4357 982 4432 etque
1005 4367 1075 4412 osse
1097 4355 1236 4429 perseeto
1259 4349 1392 4410 medellis
1412 4371 1533 4434 quoque
1556 4373 1612 4434 per
1630 4353 1844 4434 epatium-3
1866 4355 1917 4418 l‘m.
1942 4375 1961 4420 a
1982 4358 2233 4438 enuptineeffnse

636 4477 771 4542 colorem
794 4493 832 4534 ex
854 4473 947 4534 rubro
970 4473 1088 4552 nigrum
1110 4473 1238 4536 exhibet
1282 4473 1450 4550 Paullatim,
1475 4477 1649 4559 insequente
1671 4478 1904 4546 indnnmaticue
1926 4481 2113 4558 exsudutivr,
2143 4481 2234 4544 altera

637 4603 913 4684 pbeenourenornm
936 4596 1030 4657 series
1053 4597 1167 4674 existit,
1191 4605 1292 4678 partes
1314 4599 1422 4662 nielles
1441 4601 1555 4662 emunim
1578 4601 1713 4663 colorem
1735 4603 1858 4670 rubrum
1881 4604 2031 4682 amittunt,
2060 4603 2121 4666 tela
2142 4605 2233 4668 celln-

636 4727 704 4788 loea
726 4701 909 4796 intumescit,
939 4716 1141 4780 condensatur
1163 4727 1252 4802 alque
1274 4723 1386 4786 arctius
1412 4724 1550 4804 singulos
1571 4725 1726 4790 mieculoe
1748 4726 1826 4788 iuter
1847 4728 2014 4808 sejungit,
2043 4729 2181 4812 idemque
2203 4729 2235 4792 lit

635 4851 667 4912 in
689 4847 749 4910 tela
771 4843 919 4908 cellrdosa
939 4839 1147 4905 musculorum
1169 4843 1331 4908 fesciculos
1351 4849 1512 4927 jungerem
1542 4849 1611 4911 lriuc
1639 4850 1782 4927 musculi,
1811 4851 1923 4912 circum
1946 4851 2044 4933 ipsum
2066 4851 2169 4916 locum
2190 4855 2235 4916 in·

636 4975 762 5036 fractum
785 4966 884 5050 positi,
906 4964 1060 5028 volumine
1082 4975 1242 5048 augentur,
1270 4977 1358 5051 etque
1388 4969 1529 5034 ruborem
1557 4993 1647 5036 suurn
1668 4975 1814 5040 amittunt
1866 4976 2053 5040 Periosteum
2081 4984 2163 5040 arcte
2190 4977 2234 5042 b'u
