4824 5892
1356 539 1446 612 vll!
1544 601 1547 606 .

606 749 669 840 sit,
699 765 786 837 quae
812 744 1019 815 excolendae
1041 745 1278 834 qualiscunque
1299 744 1382 814 artis
1404 745 1461 814 viu
1483 744 1582 814 luerit
1604 751 1704 835 atque
1725 747 1826 836 ratio,
1853 754 1921 818 tum
1942 749 2005 820 boc
2026 752 2201 842 praecipue

605 885 769 983 spectovi,
789 895 827 957 nt
848 886 904 957 r'cs
925 890 1036 978 ipsas,
1058 907 1152 956 meac
1174 889 1375 976 aliorumque
1396 889 1620 957 observationi
1649 889 1798 978 oblatas,
1829 889 1909 960 licet
1938 891 1980 960 de
2008 911 2076 984 eo,
2117 901 2220 983 quo-'

604 1035 701 1105 modo
735 1051 793 1101 res
828 1033 1029 1100 observatae
1065 1030 1335 1118 interpretandae
1376 1037 1510 1120 essent,
1555 1049 1659 1118 saepe
1693 1031 1869 1100 dissentire
1910 1041 2050 1118 coaetus
2081 1055 2200 1126 essem,

603 1179 692 1248 inter
712 1195 751 1244 se
773 1183 884 1242 tarncn
915 1173 985 1241 lere
1015 1173 1189 1241 concinere
1217 1173 1324 1240 cuiuis
1352 1178 1540 1262 appareret.
1592 1171 1746 1241 Ceterum
1778 1193 1911 1262 operam
1944 1174 2039 1265 dedi,
2073 1185 2110 1245 ut
2145 1198 2201 1246 res

603 1321 778 1390 historicas
807 1336 829 1386 a
859 1318 941 1384 meis
963 1314 1246 1402 disquisitionibus
1267 1315 1317 1382 ita
1337 1316 1507 1399 sejunctas
1529 1315 1712 1405 traderem,
1740 1321 1777 1384 ut
1799 1315 1897 1384 facile
1918 1317 1954 1384 in
1973 1318 2199 1405 pervolvendo

602 1465 685 1532 libro
705 1460 837 1553 negligi
857 1457 994 1546 possint

764 1601 982 1691 opusculum,
1004 1599 1091 1687 quod
1114 1599 1167 1668 bic
1188 1597 1366 1665 lectoribus
1389 1601 1507 1688 odero,
1529 1598 1565 1668 in
1587 1598 1689 1690 duas,
1713 1605 1750 1668 ut
1769 1599 1837 1668 lert
1858 1607 1979 1668 natura
1999 1603 2064 1692 rei,
2086 1609 2200 1689 partes

604 1747 804 1838 principales
834 1744 974 1811 divisum
1001 1748 1072 1831 est,
1100 1740 1578 1832 anatomico-physiologicum
1607 1747 1643 1812 et
1670 1742 1925 1834 pulbologicam.
1969 1743 2085 1812 Altera
2111 1697 2200 1831 prior

603 1891 737 1981 integro
765 1888 838 1956 iere
867 1885 986 1954 abhinc
1016 1903 1102 1952 anno
1131 1885 1166 1950 in
1195 1883 1430 1951 dissertatione
1458 1884 1646 1975 inaugurali
1675 1884 1765 1952 edita
1793 1891 1893 1972 atque
1921 1886 2091 1954 immutata
2112 1905 2199 1952 uunc

603 2051 724 2102 recusa
751 2035 813 2098 est
863 2025 958 2110 Quae
988 2025 1063 2094 dum
1091 2025 1180 2114 typis
1210 2025 1460 2093 exscribebatur
1488 2031 1524 2093 et
1551 2031 1765 2113 posteaquam
1792 2025 1914 2094 emissa
1941 2033 2010 2116 est,
2038 2027 2133 2116 plura
2156 2028 2198 2096 de

604 2175 735 2244 ossibus
764 2170 942 2260 disquisita
969 2174 1006 2236 et
1034 2167 1195 2257 evulgata
1225 2171 1320 2255 sunt,
1347 2184 1435 2253 quae
1464 2165 1564 2236 valde
1586 2164 1681 2234 doleo
1703 2167 1737 2234 iu
1760 2166 1846 2236 banc
1867 2169 2080 2256 spriptionem
2102 2189 2123 2237 a
2145 2189 2197 2237 me

603 2315 753 2386 converti
774 2332 840 2381 non
862 2311 1020 2399 potuisse.
1061 2308 1095 2376 J.
1117 2307 1294 2376 Mueller
1315 2307 1350 2373 iu
1372 2307 1491 2374 eximio
1505 2308 1597 2398 libro,
1620 2308 1676 2396 qui
1690 2316 1744 2376 cst
1766 2309 2102 2396 delllyxiuoidcorum
2113 2331 2198 2380 ana-

602 2459 703 2528 tomia
725 2459 916 2544 comparata
939 2451 1065 2540 (Berol
1089 2450 1215 2538 1835),
1237 2448 1395 2516 multost
1416 2451 1561 2540 egregia
1583 2449 1625 2521 de
1647 2411 1777 2518 ossibus
1799 2453 1961 2542 exposuit,
1984 2453 2102 2521 etalio
2125 2453 2195 2520 loco

604 2601 745 2680 (Archiv
767 2598 820 2665 fuir
839 2595 1013 2663 Anatomie
1035 2593 1102 2664 uud
1124 2591 1476 2682 Pbysiologie,183lb
1498 2591 1749 2664 Jabresberieht
1768 2614 1798 2681 p.
1821 2593 1879 2661 Vl,
1901 2605 1989 2682 sqq.)
2012 2595 2195 2662 accuratio-

601 2763 659 2814 res
681 2762 761 2812 suas
783 2738 1029 2826 disquisitiones
1051 2735 1093 2803 de
1116 2735 1318 2822 corpusculis
1340 2734 1478 2822 ossium,
1500 2733 1543 2800 de
1566 2731 1754 2802 canaliculis'
1776 2735 2027 2826 chulicopboris,
2057 2736 2099 2804 ab
2121 2737 2193 2824 ipso

600 2887 739 2976 primunr
766 2881 929 2969 inventis,
956 2883 993 2946 et
1013 2876 1057 2945 dc
1078 2877 1208 2944 ratione
1229 2876 1318 2943 inter
1340 2874 1539 2943 caudiculos
1561 2881 1735 2963 terrasque
1757 2877 1925 2946 aurursus
1947 2881 2069 2946 ossium
2091 2880 2197 2946 inter·

602 3027 759 3114 cedente,
794 3019 1054 3091 communicavit.
1108 3016 1200 3085 Idem
1233 3017 1419 3105 nuperrime
1446 3017 1566 3084 multas
1595 3019 1842 3086 obseruationes
1864 3025 2041 3084 memoratu
2063 3018 2196 3107 dignis-

603 3168 706 3238 simas
745 3164 789 3233 de
823 3168 990 3229 structura
1026 3160 1113 3228 telae
1143 3177 1262 3226 osseae
1298 3159 1436 3226 omnium
1472 3159 1619 3228 ordinum
1653 3159 1877 3247 animantium,
1921 3164 1955 3224 et
1996 3157 2038 3226 de
2077 3164 2195 3228 natura

603 3312 744 3402 partium
773 3305 973 3393 animalium,
1011 3321 1095 3390 quae
1125 3303 1159 3368 in
1189 3301 1439 3392 cartilaginibus
1469 3308 1504 3368 et
1530 3303 1564 3368 in
1594 3301 1724 3368 ossibus
1750 3306 1844 3388 sunt,
1883 3298 2002 3387 publici
2026 3302 2111 3385 juris
2142 3302 2194 3368 le-

602 3457 650 3525 cit
671 3445 1030 3540 (Poggendorll's
1051 3444 1204 3510 Annalem
1232 3445 1329 3510 1836.
1351 3465 1382 3532 p.
1404 3444 1511 3532 illia),
1534 3461 1579 3510 ex
1602 3443 1718 3528 quibus
1741 3441 1802 3510 boc
1825 3449 1949 3510 tuntum
1971 3446 2089 3532 adero,
2116 3445 2196 3534 glu-

601 3603 659 3666 ten
681 3593 804 3663 ossium
825 3587 934 3679 quood
956 3587 1133 3655 chemicam
1155 3591 1304 3654 naturum
1327 3585 1455 3652 dilierre
1478 3605 1499 3650 a
1521 3583 1651 3674 glutine
1673 3584 1921 3674 cartilaginum,
1944 3591 2043 3672 atque
2064 3587 2194 3654 omuino

602 3737 759 3832 glutinis,
781 3731 868 3822 quod
890 3732 925 3798 iu
946 3729 1051 3797 variis
1072 3727 1149 3796 telis
1171 3729 1317 3817 corporis
1339 3727 1549 3795 animantium
1570 3727 1772 3815 continetur,
1801 3724 1884 3794 duas
1910 3727 2039 3813 species
2061 3747 2195 3814 prorsus

602 3881 774 3964 diversas,
803 3873 919 3942 collam
946 3876 982 3939 et
1009 3871 1237 3958 chondriuam,
1267 3868 1521 3960 distinguendas
1548 3887 1636 3936 csse.
1680 3869 1790 3936 Locus
1811 3887 1877 3936 non
1900 3875 1953 3936 est
1974 3867 2131 3955 prolixius
2152 3869 2194 3936 de

601 4023 655 4092 bis
676 4019 777 4087 rebus
799 4013 1001 4104 exponendi,
1024 4030 1129 4099 eoque
1150 4011 1259 4102 magis
1280 4012 1314 4077 in
1337 4029 1377 4078 eo
1393 4009 1625 4098 conquiescere
1639 4029 1740 4097 posse
1762 4009 1838 4076 mibi
1860 4009 1983 4099 videor,
2006 4018 2042 4077 ut
2057 4012 2195 4078 adscri-

601 4166 733 4255 ptiones
761 4177 863 4246 supra
890 4156 1045 4223 laudatas
1073 4155 1226 4222 lectorem
1253 4153 1413 4241 releram,
1441 4149 1526 4238 quod
1549 4152 1602 4218 vir
1622 4151 1672 4221 lll
1694 4169 1760 4219 non
1780 4151 1939 4242 indignas
1959 4151 2072 4219 babuit
2094 4153 2193 4222 husee

603 4305 768 4398 pagellas,
790 4301 906 4390 quibus
929 4297 1181 4367 observationes
1203 4314 1293 4383 suas,
1315 4313 1400 4383 quae
1422 4293 1621 4362 canaliculos
1643 4293 1903 4381 corpusculomm
1913 4295 2033 4370 ossium
2047 4294 2194 4362 modum-

601 4465 666 4538 que
692 4449 862 4534 spectant,
893 4460 957 4528 quo
986 4445 1097 4506 terrea
1124 4435 1263 4504 materia
1283 4435 1318 4502 in
1341 4435 1471 4502 ossibus
1494 4437 1689 4522 continetur,
1711 4435 1901 4525 singulatim
1923 4437 2106 4522 expositam
2129 4457 2192 4506 au-

601 4595 760 4661 necteret.
809 4586 863 4654 De
885 4580 1179 4669 disquisitionibus,
1208 4595 1290 4664 quas
1312 4579 1373 4644 Fr.
1396 4583 1431 4644 et
1453 4577 1512 4644 W.
1533 4576 1692 4645 Arnold
1716 4577 1980 4655 (Tiedemann
2002 4579 2068 4646 und
2091 4581 2191 4646 Tre-

601 4735 795 4819 viranur,
823 4719 1020 4794 Zeitschrilt
1048 4719 1101 4786 liin
1127 4718 1343 4810 Physiologle
1371 4725 1446 4787 tom.
1474 4720 1515 4786 V.
1539 4718 1622 4788 lose.
1642 4719 1685 4790 Π.
1707 4739 1738 4808 p.
1760 4721 1836 4788 226.
1858 4719 2072 4811 Heidelberg.
2097 4722 2191 4786 1835.
