4856 5896
1360 509 1411 584 ld

587 748 748 813 areamque
769 726 998 810 profundiorem
1020 723 1089 786 inde
1111 721 1246 783 allectam
1267 718 1401 799 margine
1423 717 1559 782 nonnihil
1581 722 1725 793 amane,
1749 711 1907 810 inaequali,
1930 712 1979 776 eui
2002 709 2113 774 arctius
2134 708 2191 774 ad·

587 855 730 918 haerebat
757 852 955 933 periosteum,
985 845 1187 910 circumscribi
1215 844 1303 917 virlin
1333 849 1490 924 praeterea
1511 859 1547 902 os
1569 841 1628 904 hcc
1653 840 1725 904 loco
1742 845 1842 900 strato
1865 855 1992 902 mucoso
2013 835 2064 912 vel
2085 833 2191 916 gelati·

588 998 667 1044 nose
691 975 903 1040 obducebatur.

679 1103 745 1162 Hac
767 1098 872 1160 eadem
893 1094 1035 1160 materiae
1058 1111 1164 1158 osseae
1186 1090 1380 1172 absorptione
1402 1095 1510 1154 namra
1531 1088 1625 1150 utimr
1651 1087 1690 1153 ad
1718 1085 1894 1150 lermandos
1922 1101 2022 1148 novos
2051 1083 2193 1148 articulos

591 1227 622 1288 in
643 1221 848 1287 lunationibus
869 1239 932 1283 uon
954 1217 1108 1298 repositis;
1132 1222 1222 1296 caput
1244 1213 1412 1314 articulare,
1434 1232 1452 1276 a
1475 1232 1551 1276 eave
1573 1231 1631 1277 suo
1653 1217 1744 1294 atque
1766 1231 1784 1274 e
1806 1207 1932 1290 capsula
1953 1225 2108 1288 egressum
2127 1224 2194 1270 mu—

591 1348 747 1412 sculorum
769 1343 972 1407 contractione
1002 1340 1053 1405 alii
1082 1339 1159 1405 ossis
1186 1339 1258 1402 loco
1287 1338 1382 1418 magia
1410 1337 1546 1402 minusve
1577 1335 1702 1401 firmiter
1729 1333 1920 1415 admiuitm
1948 1352 2011 1414 qua
2038 1329 2195 1412 pressione

592 1480 655 1548 tum
673 1472 772 1554 ipsum
789 1469 824 1530 fit
844 1466 973 1548 planius,
995 1473 1058 1530 mm
1081 1463 1159 1548 lacit,
1181 1469 1215 1527 ut
1237 1481 1274 1527 cc
1297 1463 1377 1539 leco,
1400 1461 1450 1526 eui
1471 1459 1623 1542 incumbit,
1645 1458 1830 1540 periostema
1850 1463 1941 1539 atque
1962 1454 2128 1521 substantia
2144 1473 2196 1516 es-

593 1615 645 1661 see
665 1594 858 1670 resorbeamr
879 1598 968 1674 atque
990 1591 1079 1666 terea
1101 1587 1217 1663 exstat,
1239 1588 1337 1672 emus·
1356 1586 1391 1648 in·
1409 1584 1553 1662 amaru,
1574 1589 1680 1654 exorta
1701 1581 1936 1658 inflammatione
1961 1578 2101 1661 plastica,
2122 1576 2196 1640 val-

591 1719 663 1790 lum.
682 1716 801 1798 prosilit
829 1733 958 1791 osseum.
1003 1712 1070 1776 Tali
1098 1711 1214 1774 ratione
1243 1709 1429 1792 aptissimum
1457 1722 1549 1789 saepe
1577 1706 1759 1787 confingitru
1785 1723 1893 1771 cavum
1914 1703 2085 1780 aniculare,
2110 1700 2196 1778 dum

593 1843 776 1907 inflammato
798 1838 949 1919 periosteo
971 1835 1174 1918 partibusque,
1197 1853 1274 1917 quae
1297 1833 1493 1908 eircnmsrmt,
1520 1831 1694 1908 mollibus,
1710 1837 1799 1914 atque
1827 1829 2026 1895 exsudatione
2051 1825 2122 1896 inde
2143 1843 2196 1886 ex·

594 1972 669 2043 orta,
690 1984 804 2026 novum
826 1961 977 2044 quoddam
997 1959 1191 2044 ligamentum
1213 1957 1370 2038 capsrdare
1391 1958 1540 2018 icrnratur
1561 1953 1641 2039 (Ι),
2093 1943 2098 1952 ’

1028 2207 1079 2268 111.
1123 2207 1248 2267 ACTIO
1271 2201 1519 2267 FORMATIVA
1542 2199 1759 2266 Anmnnnn.

727 2332 765 2394 Α.
810 2331 979 2393 Persium
1000 2328 1113 2390 telam
1136 2347 1283 2391 osseam
1305 2326 1628 2388 constituentium
1649 2326 1748 2388 mala
1769 2325 1873 2388 inter
1894 2345 1932 2388 se
1955 2325 2063 2390 ratic.

1127 2471 1153 2523 1.
1190 2471 1363 2532 cartilago
1381 2472 1670 2534 praeponamne.

755 2613 788 2676 Si
809 2617 929 2693 praeter
950 2629 1087 2673 nonnam
1110 2629 1180 2674 ossa
1203 2609 1336 2671 emollita
1358 2629 1415 2670 uec
1437 2610 1509 2671 satis
1532 2611 1618 2670 tirma
1640 2615 1718 2686 sunt,
1741 2616 1775 2670 ut
1797 2617 1861 2670 mm
1882 2608 2091 2670 musculorum
2114 2625 2187 2669 cou-

595 2739 735 2803 tracticni
755 2745 821 2799 tum
843 2736 981 2816 corporis
1004 2735 1132 2816 ponderi
1154 2735 1293 2797 resistere
1315 2733 1446 2813 possint,
1477 2753 1539 2815 qno
1569 2733 1615 2811 iit,
1644 2739 1678 2795 ut
1699 2733 1794 2814 magis
1816 2733 1971 2815 magisque
1992 2733 2195 2807 incurventur,

595 2865 727 2946 positum
760 2863 819 2924 hoc
852 2868 897 2923 est
929 2860 960 2920 in
990 2859 1080 2939 eopia
1108 2859 1238 2938 partium
1266 2865 1431 2920 terreorum
1459 2858 1583 2918 nnninm
1613 2858 1730 2938 exigua.
1776 2859 1838 2919 Sub
1866 2858 1922 2918 hac
1952 2863 2052 2918 antem
2081 2857 2195 2918 ossium
2263 2841 2267 2853 ’

596 2960 780 3050 emollitioue
803 2985 880 3046 dnac
909 2989 979 3046 sunt
1006 2981 1136 3061 species3
1165 2982 1271 3074 altera,
1298 2981 1489 3043 rhachitis
1512 2981 1665 3056 infantum,
1691 2982 1723 3041 iu
1747 2981 1876 3042 cohibita
1898 2980 2120 3062 quodammodo
2144 2997 2195 3040 os·

594 3113 674 3174 sium
696 3107 870 3170 evolutione
892 3105 991 3185 posita
1013 3111 1071 3178 eet3
1095 3103 1198 3179 altera,
1221 3102 1516 3180 osteomalacia,
1539 3104 1570 3164 in
1592 3105 1783 3184 resorptione
1805 3105 1961 3167 calcariae.

756 3228 954 3290 Rhaclritis
977 3228 1143 3312 aliquoties,
1165 3247 1235 3288 raro
1259 3234 1365 3304 tamen,
1388 3229 1419 3288 in
1443 3229 1525 3289 foetu
1544 3231 1610 3307 jam
1632 3227 1791 3292 observata
1814 3235 1860 3290 est
1888 3227 1955 3311 (2);
1986 3229 2089 3310 primis
2112 3226 2196 3288 annis

596 3354 675 3416 vitae
696 3353 936 3434 stequmrtissime
960 3351 1098 3428 occurrit,
1120 3350 1290 3432 pendetque
1312 3369 1330 3410 a
1352 3351 1496 3431 singulari
1519 3352 1647 3432 quadarn
1671 3351 1828 3414 affectione
1850 3353 1941 3414 totius
1966 3351 2198 3415 assimilationis.

555 3527 563 3540 .
595 3478 630 3538 ln
653 3477 772 3540 ossibus
793 3477 945 3538 laxitatem
967 3479 998 3537 et
1019 3475 1174 3536 mollitiem
1196 3474 1346 3556 quandam
1369 3475 1446 3535 telae
1468 3475 1633 3572 producitq
1652 3495 1723 3537 ossa
1745 3477 1923 3557 spongiosa,
1946 3475 2074 3537 maxime
2096 3483 2198 3556 partes

595 3601 769 3664 mticulares
797 3600 1021 3675 tubulosorum,
1050 3618 1195 3680 perquam
1223 3599 1395 3676 tumeliunt,
1424 3605 1513 3680 atque
1540 3599 1571 3660 in
1599 3599 1740 3662 membris
1770 3600 1944 3681 ceteroquin
1966 3575 2109 3680 collapsis
2131 3607 2198 3660 tan·

594 3745 684 3808 qumn
706 3724 971 3806 uodiprominent
994 3722 1143 3808 (undeet
1177 3723 1386 3804 »Geluriipt'te,
1415 3725 1546 3800 neuls«
1574 3723 1765 3804 appellantur
1787 3723 1931 3805 aegroti);
1954 3725 2042 3785 etiam
2073 3724 2104 3785 in
2126 3724 2197 3785 sub·

594 3850 702 3911 stanna
724 3857 881 3928 compacta
903 3847 1061 3910 canaliculi
1085 3847 1312 3927 amplificentur,
1335 3848 1524 3929 speciemque
1554 3848 1611 3928 ipsi
1635 3849 1831 3928 spongiosam
1853 3849 1996 3911 induunt.
2032 3849 2114 3910 Cava
2135 3865 2197 3908 me-

596 3969 731 4044 dullaris,
754 3971 795 4029 ita
818 3971 948 4045 dilatata,
970 3969 1131 4028 medullam
1154 3971 1307 4031 continent
1328 3971 1458 4045 fluidam,
1482 3969 1541 4031 tela
1557 3971 1747 4033 membranae
1764 3972 1938 4033 medullaris
1958 3974 2043 4052 justo
2068 3971 2198 4033 crassior

500 4087 506 4110 ⁸
595 4097 653 4167 est;
676 4091 823 4152 calcariae
845 4091 992 4152 interdum
1021 4097 1082 4151 tarn
1105 4091 1212 4170 exigua
1234 4097 1279 4153 cst
1303 4091 1392 4172 copia
1416 4093 1461 4178 (.
1485 4113 1578 4174 snpra
1606 4115 1674 4174 pag.
1706 4095 1780 4176 49),
1808 4101 1841 4158 ut
1870 4116 1941 4158 ossa
1972 4095 2106 4158 emollita
2134 4095 2198 4157 sine

593 4235 703 4293 magno
726 4216 831 4278 labore
853 4215 977 4278 cultello
1000 4213 1092 4276 incidi
1115 4213 1242 4294 possint.

755 4475 794 4544 (1)
815 4479 922 4543 Bonn,
938 4482 958 4536 1.
978 4499 1002 4536 e.
1021 4499 1045 4544 p.
1066 4481 1194 4546 14-36,
1218 4484 1302 4534 natalia
1325 4480 1406 4546 lanjua
1424 4487 1462 4536 rei
1489 4488 1608 4549 exempla
1625 4489 1732 4550 altulil;
1760 4505 1793 4538 ae
1809 4489 1961 4550 nuperrime
1980 4489 2010 4542 1..
2030 4488 2071 4538 de
2089 4488 2197 4537 wan·

592 4568 752 4630 singularem
770 4569 798 4614 in
817 4583 874 4616 eam
893 4571 1004 4618 cernulit
1021 4587 1135 4634 operam,
1153 4575 1489 4636 mnltiaqueexperimentis
1502 4576 1715 4626 enmdilncidnne
1737 4578 1930 4630 caudata-1..
1942 4578 1981 4626 de
1999 4577 2117 4640 welle,
2135 4577 2198 4630 aliae.

594 4658 655 4712 exli,
691 4657 855 4708 imitationes
874 4658 1045 4718 experiment.
1064 4660 1187 4711 illnatrut.
1208 4664 1296 4715 llercl.
1319 4661 1396 4712 183⁵.

753 4743 792 4806 (2)
812 4745 935 4808 llcyer,
955 4747 1106 4808 l'crlesung.
1127 4749 1193 4796 lllrer
1218 4751 1262 4798 nie
1281 4751 1463 4800 Krnnllreiten
1490 4750 1537 4800 der
1553 4751 1693 4816 Kncchen,
1717 4752 1837 4816 luerauag.
1858 4767 1914 4802 ron
1934 4754 1965 4805 A.
1983 4752 2198 4818 nicaenae,

592 4835 680 4884 illiers.
699 4847 750 4880 ren
769 4831 1023 4901 spangenberg.
1052 4835 1143 4895 talpa.
1166 4835 1245 4890 leot.
1270 4839 1319 4890 lld.
1340 4839 1378 4887 ll.
1402 4855 1427 4901 p.
1447 4839 1491 4892 lll.
1516 4863 1549 4876 -
1574 4839 1700 4904 Klein,
1723 4842 1788 4894 diac.
1807 4841 1868 4894 enh.
1887 4857 1987 4894 casum.
2006 4841 2117 4897 rlraclrit.
2136 4859 2197 4892 cca·

591 4939 650 4986 gan,
668 4945 704 4959 -
722 4921 901 5000 lllcrnlrerg,
921 4923 953 4971 de
972 4922 1119 4972 rhaeliitide
1136 4926 1286 4992 carrgwila.
1305 4926 1394 4979 naal.
1413 4927 1488 4979 ltili.
1507 4949 1542 4964 ·-·
1558 4927 1718 4992 Exemplum
1733 4930 1809 4978 allent
1826 4927 1992 4994 l'alletta,
2011 4933 2031 4988 1.
2050 4947 2074 4982 e.
2093 4931 2195 4996 ples.
