4768 5894
938 553 1015 633 257

164 766 282 854 ptoria
311 769 470 836 transmitti
497 769 609 852 possit,
636 789 707 834 raro
736 769 835 848 major
864 765 1028 850 aliquanto.
1077 764 1243 848 Pleraeque
1266 763 1438 828 interiorem
1461 765 1538 828 ossis
1560 771 1674 846 partem
1697 766 1778 829 obsi-

164 894 267 974 dent,
288 883 505 978 nonnunqnam
527 900 626 957 tamen
648 893 849 980 superiorem
872 911 1015 968 numero,
1037 897 1130 972 prout
1152 889 1281 952 ambitus
1304 903 1334 952 et
1357 889 1454 952 torma
1475 891 1611 954 necrosis
1634 898 1695 968 est,
1717 910 1778 952 uua

163 1018 213 1081 ad
240 1026 379 1101 quatuor.
426 1022 541 1082 Omnes
563 1026 710 1100 perpetuo
732 1018 764 1079 in
794 1017 916 1078 ducum
939 1015 1107 1078 fisbrlmum
1130 1021 1301 1078 extrorsum
1323 1014 1545 1094 continuantur,
1568 1014 1679 1076 ambitu
1696 1015 1776 1094 ipsas

162 1148 365 1226 aequantem.
409 1143 504 1206 Vides
527 1143 616 1225 plura
639 1141 768 1219 differre,
791 1160 880 1224 qnam
902 1145 936 1201 ut
958 1139 1101 1216 contundi
1124 1140 1197 1201 baec
1220 1139 1336 1220 species
1359 1158 1428 1201 cnm
1450 1139 1657 1220 alterapriore
1671 1138 1776 1219 possit.

335 1268 402 1328 llae
430 1267 554 1330 olorone
579 1274 643 1328 tum
673 1266 791 1328 demum
819 1265 966 1349 existunt,
997 1281 1089 1346 quum
1123 1269 1278 1346 sequester
1307 1263 1465 1325 martimum
1486 1273 1602 1344 partem
1624 1262 1673 1323 vel
1695 1269 1777 1324 totus

164 1408 188 1452 a
210 1385 288 1454 viso
317 1385 387 1453 osse
414 1397 587 1472 separatus,
621 1389 721 1473 itaque
744 1407 857 1452 noxum
887 1408 923 1452 os
942 1389 1007 1468 jam
1040 1389 1169 1449 effictum
1204 1394 1264 1462 est;
1302 1389 1399 1468 ejecto
1437 1387 1582 1469 sequestri
1616 1385 1778 1448 obliteran-

161 1519 230 1575 tur.
277 1513 313 1575 ln
335 1513 440 1576 avibus
462 1513 506 1575 nil
528 1513 690 1597 quidquam
713 1512 852 1590 occurrit,
875 1511 957 1596 quod
980 1511 1149 1593 comparari
1162 1531 1240 1574 eum
1263 1511 1299 1574 iis
1322 1519 1420 1594 queat.
1467 1509 1647 1592 Superlicias
1670 1529 1777 1592 seque-
1833 1479 1836 1487 Ι

162 1637 243 1700 stris
279 1636 353 1718 ipsis
388 1637 515 1700 adversa
548 1637 655 1700 scabra
690 1645 719 1700 et
748 1656 839 1700 exesa
866 1643 919 1700 est
965 1636 1072 1718 Liquet
1093 1636 1197 1716 igitur,
1228 1635 1265 1698 de
1288 1635 1406 1698 delectu
1428 1634 1639 1698 ossifieationis
1661 1635 1693 1696 in
1715 1635 1777 1696 lor·
1835 1677 1838 1686 -

161 1761 287 1825 mando
320 1761 382 1823 boc
410 1753 583 1824 cloacarum
611 1781 722 1842 penore
751 1760 877 1842 cogitari
905 1780 968 1823 non
995 1778 1103 1842 posse,
1133 1778 1230 1842 eoque
1252 1760 1367 1836 minus,
1396 1759 1478 1842 quod
1500 1759 1536 1821 iis
1559 1777 1679 1842 qnoque
1700 1759 1777 1821 locis

161 1884 383 1966 reperiuntur,
411 1885 443 1946 in
473 1885 582 1969 quibus
613 1876 738 1948 stramm
768 1885 840 1949 satis
870 1885 1065 1966 conspicuum
1096 1903 1134 1946 ex
1162 1884 1274 1947 cortice
1304 1884 1383 1946 ossis
1411 1883 1520 1946 veteris
1547 1883 1684 1945 relietum
1715 1891 1776 1960 est3

161 2009 309 2093 quodsi
332 2008 488 2087 acciderit,
509 2011 576 2096 boc⁸
591 2029 712 2094 qnoque
734 2017 859 2073 stratum
881 2011 1066 2090 perforatum
1090 2014 1221 2089 apparet.
1267 2009 1442 2084 Praeterea,
1473 2007 1614 2090 quoniam
1637 2001 1776 2069 formatio

161 2151 281 2196 aarum
308 2133 340 2195 in
367 2134 403 2196 iis
433 2140 546 2199 tantum
560 2133 746 2196 'animalibus
768 2123 871 2196 locum
893 2133 995 2210 babet,
1023 2133 1054 2193 in
1077 2151 1154 2214 quae
1176 2133 1332 2194 manifesta
1356 2131 1435 2192 cadit
1457 2131 1649 2211 suppuratio,
1671 2146 1777 2212 'neque

161 2259 261 2342 prius
283 2251 389 2335 existit,
412 2257 604 2340 quam‘intus
627 2278 699 2321 vera
722 2257 898 2339 suppuratio
922 2263 1028 2318 exorta
1049 2256 1102 2333 sit,
1124 2275 1187 2318 non
1206 2274 1371 2338 possumus
1393 2255 1465 2338 quin
1487 2254 1531 2316 ita
1553 2255 1777 2330 concludamus,

167 2401 299 2446 oausam
328 2381 516 2445 formationis
541 2381 575 2444 in
605 2381 689 2444 nulla
720 2382 779 2444 alia
805 2401 854 2458 re,
885 2401 974 2464 qnam
1003 2380 1041 2442 in
1063 2379 1323 2460 generatione
1344 2379 1470 2460 puris,
1501 2373 1606 2460 quod
1629 2397 1672 2440 ex
1696 2398 1777 2441 cor-

163 2525 273 2590 pore
295 2507 448 2586 ejicere
470 2497 610 2567 natura
631 2507 805 2582 studeat,
835 2505 938 2588 quaeri
960 2523 1060 2586 posse.
1105 2502 1245 2577 Accedit,
1274 2502 1306 2562 id
1330 2501 1411 2584 quod
1433 2502 1639 2583 gravissimum
1663 2508 1723 2579 est,
1746 2511 1780 2563 ut

164 2633 228 2694 bae
255 2629 378 2692 cloacae
401 2631 464 2692 tere
485 2637 635 2710 perpetuo
658 2630 882 2707 desiderentur,
906 2629 930 2689 si
955 2631 1087 2706 majores
1109 2627 1196 2702 illae,
1220 2625 1257 2687 de
1280 2626 1388 2708 quibus
1411 2647 1503 2707 snpra
1528 2625 1597 2702 dixi,
1621 2633 1778 2708 aperturae

167 2755 303 2828 adsuntr
333 2743 424 2834 qu'ae,
452 2751 596 2834 quoniam
627 2758 695 2813 ante
726 2754 835 2813 laetam
863 2750 1083 2830 separationem
1112 2749 1239 2824 adsunt,
1267 2749 1336 2828 puri
1366 2749 1444 2810 inter
1466 2750 1685 2830 separationem
1709 2759 1778 2811 orto

167 2881 329 2960 patentem
353 2877 418 2955 jam
446 2875 557 2938 exitum
579 2874 731 2954 praebent.
777 2875 881 2956 ltaque
903 2875 977 2935 baec
1000 2872 1171 2935 cloacarum
1193 2870 1334 2933 formatio
1357 2891 1483 2952 prorsus
1506 2873 1709 2952 comparanda
1732 2880 1778 2932 cst

170 3017 247 3064 cum
274 2991 406 3080 mrptura'
432 2991 624 3061 abscessuum
646 3005 829 3079 spontanea3
851 3016 941 3080 quam
964 2998 1153 3076 resorptione
1175 2995 1357 3092 snbstantiqe
1380 2995 1465 3056 vivae
1489 2995 1581 3072 ellici,
1603 2995 1634 3056 in
1658 2995 1777 3057 ossibus

170 3122 355 3208 praeprimis
377 3123 546 3185 luculenter
572 3129 707 3204 apparet.
750 3123 834 3183 llaec
857 3128 955 3182 antem
978 3121 1127 3200 resorptio
1150 3119 1258 3202 quibus
1280 3118 1370 3182 rebus
1393 3117 1568 3198 inducatur,
1599 3139 1654 3181 our
1677 3118 1781 3181 distin-

171 3255 242 3312 ctas
269 3253 384 3310 unium
414 3246 713 3330 circumscriptasque
742 3252 842 3327 partes
872 3251 973 3325 tangat
994 3263 1092 3326 neque
1114 3243 1279 3326 aequaliter
1300 3243 1432 3327 undique
1455 3244 1522 3320 fiat,
1550 3243 1704 3326 quomodo
1728 3243 1781 3304 ‹lc-

170 3373 268 3456 niqna
295 3371 490 3447 eveniat,·nt
516 3377 599 3432 recta
626 3377 797 3432 extrorsum
819 3369 970 3450 resorptio
991 3349 1153 3451 procedat,
1175 3367 1220 3430 bis
1244 3367 1283 3428 de
1304 3367 1410 3444 rebus,
1434 3368 1590 3450 quoniam,
1619 3387 1680 3450 quo
1703 3367 1781 3429 iuui-

171 3504 292 3574 tarnur,
321 3513 384 3557 non
407 3493 566 3571 babemus,
597 3477 878 3573 certnm'judicium
901 3494 979 3555 terre
1002 3493 1140 3576 equidem
1162 3511 1224 3554 non
1248 3490 1356 3554 audeo.
1407 3491 1563 3575 Plerisque
1585 3491 1659 3554 baec
1681 3491 1782 3572 placet

170 3615 339 3695 sententia,
360 3619 519 3700 pressione
541 3619 626 3701 puris
649 3617 784 3699 congesti
805 3637 859 3695 os,
883 3638 945 3701 qno
967 3617 1043 3679 illud
1065 3622 1256 3693 oo'a'rceatur,
1277 3616 1432 3698 paullatim
1456 3615 1619 3695 perrumpi.
1666 3615 1780 3675 Verum

171 3742 272 3807 multa
293 3743 363 3804 buic
386 3742 521 3822 opinioni
544 3743 673 3805 obstant.
718 3743 850 3804 Primum
873 3741 952 3802 enim
975 3759 1037 3803 non
1060 3739 1242 3819 intelligitur,
1265 3738 1418 3820 quomodo
1441 3737 1507 3799 seri
1528 3737 1633 3818 possit,
1657 3743 1689 3798 ut
1706 3737 1780 3798 baec

172 3867 296 3952 pressio
318 3866 350 3928 in
371 3865 504 3946 singulas
527 3865 740 3947 distinctasque
761 3871 861 3944 partes
885 3863 971 3945 qnasi
993 3861 1166 3942 colligatur,
1196 3867 1226 3924 et
1248 3860 1367 3944 quidem
1389 3861 1420 3920 in
1443 3879 1513 3938 aas,
1536 3860 1567 3921 in
1590 3879 1664 3942 quas
1686 3867 1780 3922 totam

173 3991 264 4076 puris
290 3989 402 4053 molem
433 3987 598 4051 secundnm
624 3989 801 4070 gravitatem
829 4005 953 4068 vergere
985 3984 1184 4048 demonstrari
1217 4003 1280 4046 non
1313 3989 1429 4065 potest3
1461 3983 1569 4045 deinde
1608 3982 1780 4046 cloacarum

175 4117 278 4180 torma
306 4133 376 4178 cum
405 4112 459 4176 illa
487 4112 633 4176 autenm
662 4112 783 4174 minime
813 4111 969 4186 convenit3
998 4128 1075 4194 quas
1090 4110 1131 4172 'si
1159 4129 1197 4171 ax
1219 4107 1375 4190 pressione
1398 4115 1499 4170 essent
1521 4115 1689 4171 extrorsum
1711 4129 1781 4170 ver-

176 4244 277 4324 gente,
306 4237 484 4318 ampliorem
513 4256 616 4299 earum
644 4241 815 4318 aperturam
836 4235 1014 4311 introrsum,
1043 4234 1244 4314 angustiorem
1267 4240 1435 4295 extrorsum
1457 4239 1594 4312 spectare
1617 4239 1780 4314 oporteret,

177 4361 434 4450 quemadmodum
455 4363 528 4438 tere,
551 4380 643 4444 quum
664 4359 748 4441 tongi
771 4358 864 4421 durae
886 4359 989 4423 matris
1012 4357 1172 4420 edvariam
1194 4365 1344 4437 rumpunt,
1368 4355 1433 4421 fieri
1455 4355 1629 4470 οοιιιιιςινίιςΙ
1654 4365 1780 4452 atvero

180 4488 272 4572 plane
301 4483 453 4550 contraria
482 4492 528 4548 est
556 4485 728 4548 cloacarum
757 4485 844 4549 ratio.
896 4483 957 4546 Sed
987 4481 1067 4544 malo
1091 4503 1159 4546 cum
1181 4479 1454 4556 Weidmanno,
1483 4472 1813 4566 prorsusai'c'ctrltauq„

180 4617 213 4675 et
242 4609 372 4672 abditam
405 4625 473 4670 esse
502 4625 623 4670 causam
645 4610 830 4688 proximam,
861 4609 989 4689 ingenue
1013 4607 1117 4684 lateri,
1147 4604 1229 4668 etin
1252 4609 1407 4686 posterum
1429 4611 1547 4686 tempus
1569 4621 1652 4685 spem
1676 4577 1790 4663 delusi-⁷

181 4731 301 4798 dandae
331 4732 376 4795 rei
404 4731 538 4808 differre,
560 4750 650 4812 quam
680 4731 839 4798 lundendIs
862 4732 1061 4812 conjecturis,
1084 4749 1161 4814 quae
1183 4727 1270 4792 nullo
1299 4728 1452 4810 probabili
1474 4735 1649 4808 argumento
1672 4726 1782 4788 confir·

180 4857 259 4924 mari
279 4855 407 4939 possint,
429 4862 547 4936 tempus
570 4873 759 4918 consumere.
978 4825 986 4846 ⁵

1366 4972 1504 5038 33·
