4784 5894
947 549 1020 622 159
1116 539 1120 546 ’

340 760 495 822 Struetnra
517 759 795 840 pseudartlrroairuu
819 765 963 840 perquam
988 759 1071 820 varia
1094 767 1147 821 est.
1179 759 1374 844 'Plerumque
1398 763 1561 843 fragmenta
1593 761 1786 829 commarceio

177 883 348 964 ligamentis
369 881 491 946 abrosa
502 881 903 968 intersemrrunemnrfl)
950 881 1101 948 interdurn
1119 891 1235 964 raam,
1258 883 1329 948 licet
1347 904 1432 965 raro,
1454 907 1574 951 verus
1591 890 1791 953 articulus
1879 871 1887 876 ⁸

177 1008 339 1082 formatur,
370 1005 550 1070 diartlrrosin
578 1007 677 1088 magis
707 1007 843 1070 minusve
871 999 1035 1088 perlectam
1063 1008 1214 1081 miricam
1246 1005 1276 1070 id
1305 1011 1387 1092 quod
1419 995 1631 1075 recentissimis
1662 1015 1788 1076 maxime

175 1130 363 1212 temporibus
387 1130 578 1194 observatur
600 1137 658 1194 est.
703 1130 893 1199 Diartlrroslu
915 1131 1192 1196 constitul'seimns
1216 1132 1332 1195 duabus
1356 1133 1489 1198 faciebus
1507 1122 1790 1199 articularibosic'bi

176 1255 340 1334 oppositis,
373 1254 496 1336 capsula
524 1229 735 1318 mambraucsa
764 1270 817 1317 aas
842 1250 1035 1332 maranae,
1052 1255 1374 1340 'cavoque'artlculari
1397 1243 1468 1321 iude
1491 1263 1606 1324 exorta.¹
1624 1256 1639 1283 '¹
1654 1258 1788 1323 Auctib'r‘e

175 1371 309 1440 bortel
330 1377 385 1460 (2)
413 1377 483 1442 talis
497 1423 498 1428 η
511 1379 660 1448 articulus
677 1380 707 1441 in
729 1371 946 1442 membella
982 1377 1100 1442 ratione
1121 1381 1236 1444 eximite·
1258 1367 1493 1462 fragmentorum
1514 1385 1602 1448 'fluet
1635 1386 1788 1448 rotrnrdrri

175 1511 264 1584 atque
295 1503 404 1571 hevati
430 1505 518 1565 tenui
548 1509 643 1566 strato
678 1503 862 1566 substantiae
884 1503 1043 1584 cujuslam
1067 1505 1293 1568 trremlrranusae
1329 1489 1540 1586 obducantur,
1558 1509 1706 1592 simulque
1730 1510 1789 1571 tela

175 1623 432 1708 cellulasaaqnae
455 1625 655 1705 circumjacet,
679 1615 1255 1713 cerisiorrabracapsularamquandam
1267 1630 1470 1694 menrbrano'm
1494 1633 1648 1714 confingit
1695 1636 1789 1695 Cru-

174 1751 347 1812 veillriar
369 1749 426 1834 (3)
455 1757 576 1832 praeter
598 1751 754 1832 capsulam
777 1751 934 1827 ilbroaaur,
957 1753 1098 1830 densam,
1128 1756 1294 1834 fragmenta
1314 1742 1523 1818 coutinentem*
1540 1763 1665 1820 suatum
1690 1767 1787 1820 tenue

175 1871 402 1952 cartilaginem
433 1875 540 1936 berum
572 1874 680 1937 tinibus
710 1869 962 1956 superinductum
987 1884 1017 1938 ct
1039 1877 1133 1940 llnido
1155 1877 1309 1958 glutinoso
1334 1875 1464 1963 (liquide
1487 1883 1654 1957 onemeux)
1684 1883 1787 1943 hume-

175 2005 286 2060 ctatum
316 1998 438 2060 invenit.
482 1998 566 2060 Idem
589 1999 812 2062 liuhnlroltz
834 1997 890 2082 (l)
913 2000 1086 2063 observavit
1106 2001 1139 2063 in
1161 2001 1293 2064 fractura
1315 2004 1438 2066 lenioris
1461 2021 1524 2067 uon
1547 2007 1678 2076 munitm
1710 2007 1790 2085 frop

175 2131 311 2186 manuam·
329 2121 453 2185 inferius
475 2141 595 2184 sursum
619 2129 745 2184 tractum
769 2130 841 2199 erat,
864 2129 954 2206 atque
977 2143 996 2186 a
1017 2125 1185 2205 superiore·
1198 2125 1270 2188 satie
1293 2125 1440 2203 distabet3
1463 2128 1603 2210 utrinque
1625 2130 1722 2192 callias
1742 2139 1789 2192 sat

174 2265 300 2328 mumius
323 2245 513 2326 prosiluerat,
534 2265 634 2328 neque
656 2264 730 2308 vero
754 2245 917 2322 coaluerat,
939 2247 994 2310 sed
1016 2249 1112 2330 ipsam
1134 2249 1382 2330 pseudartlrrosiu
1404 2251 1580 2332 effingeham
1605 2253 1703 2317 callus
1725 2261 1787 2316 stc

175 2371 238 2432 nim
261 2370 412 2432 inferioris
429 2361 585 2450 fragmenti
609 2377 700 2452 caput
722 2369 883 2434 articulare
906 2371 1056 2436 reserabat
1077 2371 1235 2454 inaequale
1258 2373 1312 2436 sed
1334 2374 1487 2454 glabrum,
1510 2393 1594 2453 cavo,
1617 2377 1700 2458 quud
1724 2386 1788 2440 erat

174 2495 205 2558 iu
229 2493 309 2560 callo
331 2495 505 2575 superiora,
528 2495 706 2570 imurissum,
732 2501 762 2556 et
784 2495 815 2556 in
838 2496 903 2558 hoc·
919 2515 995 2559 cavo
1015 2504 1166 2578 apparatu
1188 2495 1388 2578 ligamentoso
1422 2499 1644 2576 conturbatum
1676 2501 1788 2566 cavitas

175 2617 344 2681 articularis
372 2620 454 2680 tenui
482 2625 577 2680 strato
606 2618 800 2697 cartilaginea
831 2617 965 2681 obducta
995 2628 1072 2695 erat,
1105 2629 1136 2682 et
1157 2621 1331 2688 membrana
1354 2624 1501 2704 quaedam
1524 2623 1660 2708 undique
1682 2625 1787 2688 clausa

173 2741 361 2819 (membrana
383 2740 580 2822 spuroviulis),
602 2741 728 2803 liuidum
750 2741 908 2803 continens
923 2741 1117 2821 pellucidum,
1140 2743 1303 2818 viscosum,
1326 2745 1602 2810 lilaalburninisad
1615 2749 1712 2810 instar
1726 2757 1786 2811 tro-

172 2867 247 2928 hens
270 2863 469 2946 (syneviam),
492 2869 587 2926 tutum
610 2869 786 2945 apparatum
810 2862 1012 2928 obventiebat.
1071 2865 1205 2928 Similem
1233 2867 1481 2948 psarrdartlrrosiu
1507 2870 1732 2933 Kulrnlroltz
1755 2873 1785 2932 in

174 2988 358 3052 antibrachio
391 2987 498 3052 dextro
520 2987 706 3061 observavitr
740 2988 871 3051 lractrrra
905 2988 982 3050 banc
1006 2988 1125 3072 quidem
1155 2997 1321 3052 consanata
1343 2997 1422 3069 erat,
1457 3011 1556 3075 neque
1569 3005 1668 3093 vcro,
1701 2996 1785 3075 quod

173 3109 348 3194 saepissime
383 3111 505 3188 accidit,
539 3112 643 3175 radius
666 3121 696 3174 et
718 3111 791 3175 ulna
813 3111 891 3175 iuter
912 3131 946 3176 aa
976 3113 1166 3192 coaluerant,
1201 3115 1256 3178 sed
1285 3115 1437 3196 supinatiu
1467 3125 1497 3178 et
1527 3117 1666 3198 pronatio
1694 3117 1790 3180 libere

174 3237 270 3298 adhuc
305 3236 439 3300 exerceri
476 3207 630 3316 poter-anu
663 3227 780 3310 iacies,
822 3255 898 3318 quas
932 3235 1004 3299 calli
1037 3237 1195 3321 utriusque
1229 3239 1307 3304 ossis
1342 3239 1398 3304 sibi
1438 3232 1647 3318 obvertebant,
1685 3241 1789 3322 plures

175 3361 349 3424 eminentias
372 3367 402 3422 et
424 3360 537 3436 foveas,
560 3359 616 3422 sibi
640 3359 766 3422 invicem
789 3361 954 3436 immissas,
978 3361 1173 3440 exlribebant3
1196 3382 1258 3426 ano
1275 3363 1312 3427 iu
1334 3362 1407 3428 loco
1430 3365 1521 3428 iacies
1549 3382 1622 3428 vere
1643 3365 1787 3429 articula-

175 3485 216 3546 ris
246 3483 420 3563 cartilagine
450 3483 581 3548 obducta
609 3485 795 3567 capsulaque
822 3484 1021 3565 ligamentum
1044 3487 1180 3567 praedita
1202 3486 1459 3568 conspiciebatur,
1482 3487 1569 3552 alteri
1592 3489 1682 3552 simili
1713 3490 1787 3552 alta-

174 3609 236 3674 rius
264 3609 343 3670 ossis
371 3605 568 3688 respondeus.
615 3609 692 3670 Cum
724 3615 950 3689 praeparatum,
973 3627 1035 3692 quo
1058 3617 1195 3691 tempore
1216 3611 1453 3693 disquirebatur,
1476 3629 1582 3674 recens
1604 3631 1667 3676 non
1698 3621 1785 3688 assat,

174 3732 331 3812 syuoviam
360 3730 509 3807 adfuisse,
539 3731 651 3810 conjici
674 3737 789 3794 tantum
822 3731 932 3792 licebat
954 3751 991 3793 ex
1016 3752 1070 3810 eo,
1092 3733 1175 3814 quod
1197 3734 1349 3813 supirratio
1373 3740 1403 3796 et
1424 3735 1565 3814 pronatio
1589 3737 1661 3798 llari·
1676 3745 1786 3817 potne-

173 3865 298 3918 rant—
322 3855 418 3917 Casus
441 3860 546 3918 notatu
571 3855 679 3934 dignus
702 3853 820 3916 articuli
837 3861 963 3934 praeter
990 3863 1128 3917 naturam
1150 3856 1181 3918 in
1204 3857 1319 3918 femore
1341 3857 1439 3919 tracto
1462 3857 1562 3920 ertia
1591 3859 1667 3920 ‘l’ro
1670 3861 1712 3938 ja
1734 3857 1786 3938 (5)

174 3980 303 4043 affertur.
355 3978 503 4042 Fractura
541 3978 683 4059 pollicem
712 3997 804 4039 unum
834 3984 865 4043 ct
895 3977 1051 4040 dimidium
1077 3979 1156 4039 infra
1183 3977 1403 4042 troolrantarem
1435 3982 1581 4060 majorem
1618 3975 1784 4056 austitcram

174 4107 369 4183 fragmentum
383 4103 523 4184 superius
547 4102 668 4184 oblique
691 4101 826 4164 inferiori
839 4101 1035 4179 incumbebat,
1058 4104 1244 4185 formamque
1257 4103 1357 4167 crucis
1373 4104 1536 4182 referebat,
1559 4107 1647 4185 eujus
1659 4105 1787 4171 alterum

174 4229 325 4290 brachium
351 4209 372 4288 a
391 4228 488 4307 capite
511 4233 541 4290 et
563 4225 647 4290 eollo
669 4225 800 4299 minens,
823 4225 949 4288 alterum
961 4226 1000 4288 ab
1013 4226 1081 4307 ipso
1093 4227 1154 4289 line
1176 4229 1333 4308 fragmenti
1350 4217 1524 4310 saperioiiS,
1547 4247 1616 4292 oum
1640 4230 1785 4294 inferiore

333 4453 375 4526 (l)
394 4459 432 4512 Cl.
452 4459 599 4527 ltuyaclr,
617 4468 688 4514 caat,
707 4459 761 4506 aba.
779 4459 860 4518 elain,
881 4458 937 4511 our.
957 4459 1002 4508 1v.
1020 4485 1056 4496 -
1072 4460 1175 4522 Banu,
1193 4461 1212 4509 l.
1231 4476 1256 4511 ο.
1275 4476 1301 4523 p.
1320 4459 1365 4516 ut.
1385 4483 1421 4500 -
1438 4459 1569 4527 Royan,
1595 4465 1661 4526 ebir,
1681 4465 1785 4518 Krauk·

172 4527 320 4610 lar-itans'l',
339 4545 388 4600 111.
408 4563 434 4610 p,
453 4545 568 4595 102-
603 4547 936 4610 Langenbeclr‚nerre
962 4545 1266 4612 uiol.rom.1,p.9³.
1372 4537 1376 4546 ’

332 4631 374 4701 (2)
393 4633 528 4695 Portal,
547 4649 623 4682 cours
642 4631 799 4684 ‹l'anatornie
817 4635 886 4685 arrad.
906 4635 937 4688 Τ.
957 4635 977 4683 1.
996 4651 1022 4698 p,
1041 4635 1104 4689 471.
1270 4632 1272 4640 ’

333 4717 374 4787 (³)
393 4721 629 4783 ctuveilbier,
648 4725 715 4770 essai
733 4739 778 4772 sarr
795 4720 948 4772 l'aualumlc
967 4725 1163 4788 pathologiqne,
1182 4725 1213 4775 Τ.
1233 4725 1256 4777 ῐ,
1274 4743 1300 4792 p.
1320 4723 1384 4778 tlt.

333 4805 374 4877 (4)
393 4809 615 4870 Kulrnlrcltz,
640 4811 844 4862 consideratione
863 4829 909 4862 aur
925 4813 964 4862 les
982 4813 1082 4862 laumas
1100 4815 1298 4881 articulatiene3
1317 4818 1346 4866 iu
1364 4815 1475 4866 Journal
1494 4813 1633 4880 complana,
1654 4819 1690 4867 du
1718 4819 1782 4873 alar.

173 4907 199 4955 d.
218 4919 253 4954 aa.
273 4899 341 4952 aaa.
360 4898 391 4952 Τ.
411 4896 461 4949 Ill.
480 4913 505 4960 p.
525 4895 589 4949 29³.
965 4937 969 4950 .

333 4981 377 5055 (5)
396 4983 506 5049 Troia,
528 5003 601 5036 neue
622 4989 692 5036 l'ers.
713 5003 741 5040 u.
760 4987 996 5059 licebacbtuagen.
1016 5007 1039 5056 p.
1062 4988 1123 5052 lli.
