4784 5894
1166 2325 1170 2346 .
1336 2268 1488 2336 sucum
1512 2268 1549 2330 lL

1130 2413 1502 2491 inuuunnu'rro
1534 2389 1750 2486 ossium.

638 2598 726 2718 Vix
748 2652 812 2716 ulla
834 2650 953 2714 videtur
975 2647 1006 2710 iu
1030 2645 1221 2728 physiologia
1242 2642 1367 2725 reperiri
1391 2661 1482 2723 posse
1505 2639 1653 2716 maurice,
1677 2657 1754 2722 quae
1776 2637 1814 2700 ab
1838 2638 2049 2722 antiquissimis
2078 2639 2150 2702 inde
2170 2645 2243 2704 tem·

572 2821 580 2839 .
640 2779 767 2862 poribus
790 2775 920 2837 maxima
942 2771 1105 2834 attentione
1127 2771 1169 2832 ita
1191 2767 1331 2832 omnibus
1354 2765 1445 2846 digna
1465 2765 1531 2828 visa
1553 2765 1607 2841 sit,
1632 2783 1722 2847 quam
1743 2763 1937 2827 inflammatio
1960 2783 2012 2842 ea,
2042 2783 2119 2847 quae
2141 2764 2174 2826 iu
2196 2783 2244 2828 os·

640 2904 725 2968 sibus
748 2901 850 2964 sedem
873 2897 970 2975 babet,
994 2895 1065 2958 licet
1085 2915 1149 2957 uon
1171 2900 1237 2956 toto
1259 2893 1349 2972 hujus
1373 2889 1527 2953 doctrinae
1550 2889 1671 2966 ambitu,
1692 2889 1748 2952 sed
1770 2889 1826 2966 ita,
1848 2895 1882 2950 ut
1903 2887 2063 2950 vulnerum
2084 2895 2114 2950 et
2135 2889 2243 2952 iractu-

642 3047 744 3090 rarum
767 3024 884 3088 sanatio
907 3020 1150 3100 substantiaeque
1179 3017 1306 3080 amissae
1327 3014 1476 3077 restitutio
1499 3033 1574 3093 prae
1594 3013 1718 3095 reliquis
1741 3011 2025 3093 contemplarentur.
2071 3011 2244 3074 Veteriores
2366 3050 2370 3062 ·

643 3163 743 3214 tannen
767 3150 830 3209 iore
853 3147 884 3206 in
907 3144 981 3206 solis
1010 3141 1269 3205 observationibus
1299 3138 1330 3201 iu
1352 3138 1429 3200 vivis
1452 3138 1583 3218 aegrotis
1606 3136 1794 3200 instituendis
1816 3136 2014 3200 versabantur
2042 3155 2078 3199 ac
2104 3153 2175 3198 raro
2205 3135 2244 3198 ad

643 3275 792 3338 cadavera
814 3266 993 3352 inquirenda
1021 3264 1282 3346 aggrediebantur-3
1313 3282 1374 3345 qua
1403 3263 1519 3324 ratione
1542 3281 1620 3344 quae
1642 3262 1818 3324 invenerant
1839 3280 1966 3342 prorsus
1994 3279 2104 3323 manca
2132 3267 2162 3324 et
2189 3260 2244 3322 im-

645 3399 785 3480 perfecta,
807 3392 963 3475 ingeniose
985 3390 1025 3452 ad
1047 3389 1215 3452 doctrinam
1237 3393 1301 3449 arte
1324 3385 1502 3448 conclusam
1525 3395 1701 3448 convertere
1723 3383 1891 3448 studebant.
1915 3385 2029 3448 Verum
2052 3404 2090 3448 ex
2112 3386 2244 3468 quopri-

645 3543 727 3584 mum
751 3521 797 3582 du
820 3516 952 3580 llamel
975 3514 1056 3578 circa
1077 3512 1207 3574 medium
1230 3510 1384 3572 saeculum
1405 3509 1599 3590 praeteritum
1621 3509 1715 3570 multa
1743 3509 1775 3571 iu
1805 3509 1982 3572 animalibus
2004 3509 2173 3572 instituerat
2201 3517 2244 3572 at-

646 3667 705 3730 que
728 3641 964 3708 communicarat
986 3636 1191 3720 experimenta
1213 3635 1327 3698 ossium
1349 3637 1513 3696 tractorum
1535 3634 1722 3696 sanationem
1744 3634 1917 3715 spectantia,
1940 3640 2029 3716 atque
2047 3635 2170 3715 Troja
2192 3633 2244 3696 ali-

646 3777 760 3856 quanto
782 3775 852 3850 post
874 3764 1056 3828 destruenda
1084 3760 1234 3837 medulla,
1262 3779 1323 3842 quo
1353 3759 1521 3822 accuratius
1551 3758 1629 3821 ossis
1657 3759 1913 3838 regenerationem
1942 3757 2105 3820 observare
2132 3767 2244 3840 posset,

647 3904 710 3957 arte
739 3891 878 3955 necrosin
907 3891 1061 3965 elicuerat,
1092 3885 1323 3968 praeclarissimi
1351 3891 1476 3946 naturae
1502 3889 1742 3964 perscrutatores
1770 3882 1840 3946 huic
1868 3883 2009 3945 materiae
2037 3881 2244 3946 dilucidandae

649 4035 774 4097 operam
796 4018 953 4088 naverunt,
976 4030 1101 4091 eamque
1123 4009 1340 4092 experimentis·
1358 4008 1499 4070 institutis
1522 4007 1749 4089 aurplilicartmt
1795 4005 1842 4070 Ao
1863 4009 2000 4088 prolecto
2022 4007 2154 4089 pauciin
2167 4009 2245 4071 omui

649 4139 773 4204 s'cientia
797 4135 986 4218 reperiantur
1007 4134 1085 4208 loci,
1114 4133 1145 4193 in
1167 4151 1245 4214 quos
1268 4138 1350 4192 tauta
1372 4130 1616 4193 observationum
1639 4139 1778 4193 accurate
1799 4133 1945 4194 iacturum
1967 4138 2110 4212 congesta
2133 4133 2172 4194 sit
2195 4152 2245 4193 co-

651 4265 708 4345 pia,
732 4263 842 4344 quique
868 4266 914 4321 tot
944 4267 973 4322 et
1001 4267 1061 4321 tam
1084 4251 1210 4336 egregiis
1233 4254 1352 4336 scriptis
1375 4254 1575 4334 singularibus
1597 4255 1715 4317 tractati
1736 4255 1810 4332 sint,
1839 4275 1929 4336 quarn
1959 4255 2096 4318 doctrina
2124 4253 2163 4318 de
2186 4257 2245 4319 lor-

651 4387 781 4450 matione
817 4383 888 4446 calli
925 4390 995 4464 post
1025 4384 1171 4444 fracturas
1202 4385 1291 4462 atque
1329 4379 1367 4440 de
1405 4379 1593 4443 restitutione
1632 4379 1817 4442 substantiae
1851 4399 1958 4442 osseae
1994 4380 2128 4442 amissae.
2188 4381 2247 4442 Sed

651 4509 787 4595 quamvis
810 4509 1018 4588 phaenomena
1038 4507 1084 4570 his
1107 4503 1317 4586 experimentis
1339 4502 1499 4566 observata
1521 4523 1611 4586 quam
1633 4504 1760 4564 maxime
1782 4503 1859 4566 iuter
1880 4523 1913 4566 se
1937 4511 2120 4583 congruant,
2150 4505 2246 4567 direr-

550 4644 553 4655 '
652 4635 768 4699 sissima
790 4639 890 4694 tamen
912 4629 1017 4690 eadem
1040 4629 1200 4708 explanata
1221 4636 1292 4692 sunt
1312 4628 1564 4710 interpretatione,
1587 4625 1864 4711 diversissimaeque
1887 4628 1926 4690 ad
1947 4627 2027 4690 huuc
2048 4647 2144 4711 usque
2167 4631 2244 4692 diem

651 4759 754 4822 valent
775 4755 957 4836 scriptorum
980 4751 1149 4833 opiniones·

812 4879 966 4942 Formatio
985 4855 1072 4938 ’culi
1102 4881 1191 4958 atque
1219 4875 1404 4955 regeneratio
1435 4894 1453 4936 a
1480 4875 1616 4957 plurimis
1651 4883 1792 4959 tauquam
1825 4895 1986 4958 processus
2020 4876 2099 4938 vitae
2133 4877 2245 4940 ossium

651 5005 768 5090 proprii
790 5011 878 5084 atque
900 5001 1067 5083 singulares
1090 4998 1250 5080 separatim
1272 4997 1439 5079 descriptae
1461 5007 1544 5078 sunt,
1574 5006 1618 5077 et,
1641 5019 1821 5084 quamquam
1842 5000 2002 5064 recentiori
2024 5007 2176 5082 tempore,
2199 5003 2243 5064 iu-
