4784 5894
1367 511 1442 586 176

604 719 771 800 colligabit,
799 719 1004 782 materiem
1034 715 1357 780 concrescibilem
1386 717 1471 780 sive
1493 716 1720 798 plasticam,
1757 717 2068 782 inflammatione
2098 735 2199 780 exsu-

603 842 735 918 datam,
758 843 795 904 in
820 862 891 923 pus
916 839 1160 915 commutari,
1181 840 1368 921 veritnmen
1388 839 1617 902 dissimillimum
1640 846 1693 916 est,
1715 839 1858 920 globulos
1880 841 1964 922 puris
1988 840 2200 922 ecorpuscnlis

603 967 757 1046 sanguiris
780 965 911 1028 formeri.
951 963 999 1024 Ae
1012 963 1139 1043 primum
1156 962 1276 1044 quidem
1297 961 1349 1024 iile
1370 961 1567 1042 corrigendus
1578 963 1692 1026 estviri
1705 962 1891 1026 celeberrimi
1903 982 1998 1040 error,
2020 965 2073 1046 qni
2097 983 2200 1044 eorpu-

604 1090 689 1152 scula
711 1088 864 1168 sanguinis
880 1087 1031 1167 pigmento
1044 1085 1160 1165 privata
1183 1085 1345 1164 plurimum
1368 1085 1506 1148 conferre
1520 1084 1680 1148 crediderit
1695 1085 1735 1147 ad
1756 1086 2004 1150 conformandam
2016 1087 2097 1148 bane
2118 1097 2202 1148 mate·

605 1213 679 1276 riem
702 1208 957 1274 concrescibilem.
1003 1208 1130 1288 Saepius
1153 1207 1237 1283 mini,
1265 1227 1359 1289 quum
1382 1205 1419 1268 de
1442 1207 1582 1272 fracturis
1604 1207 1718 1272 ossium
1740 1208 1945 1288 experimenta
1967 1208 2128 1285 faciebam,
2154 1209 2203 1270 ob-

606 1335 667 1397 lata
683 1341 728 1396 est
751 1331 873 1394 occasio
895 1333 972 1392 lianc
995 1331 1148 1393 materiem
1172 1337 1231 1392 taur
1254 1330 1284 1390 in
1308 1330 1467 1410 superlicio
1490 1331 1604 1392 ossium
1627 1305 1716 1413 quam
1739 1331 1770 1393 in
1793 1331 1957 1394 interstitiis
1981 1331 2110 1394 telarum
2133 1331 2204 1394 mol·

574 1475 578 1488 ·
606 1457 679 1520 lium
709 1456 832 1517 adnisam
863 1454 1045 1518 observandi
1068 1459 1157 1535 atque
1180 1472 1239 1532 ope
1263 1451 1456 1532 microscopii
1478 1453 1677 1535 disquirendi;
1706 1460 1853 1534 perpetuo
1877 1472 1913 1516 ea
1935 1455 2091 1516 confusam
2116 1474 2204 1538 quan-

608 1579 676 1640 dam
698 1597 864 1660 parumque
887 1577 1073 1640 manifestam
1096 1577 1188 1640 refert
1209 1575 1341 1655 speciem
1363 1575 1575 1654 granulosarn,
1601 1574 1731 1658 proinde
1754 1583 1844 1657 atque
1866 1576 1991 1662 fibrina,
2020 1595 2097 1659 quae
2120 1579 2151 1640 in
2173 1579 2207 1638 li-

606 1721 702 1784 qnore
730 1701 883 1780 sanguinis
912 1701 1023 1762 iiltrato
1053 1706 1162 1780 sponte
1194 1699 1375 1774 concrescit,
1404 1718 1501 1780 neque
1528 1718 1602 1762 vero
1633 1719 1650 1760 e
1679 1698 1811 1778 globulis
1846 1699 1992 1764 distinctis
2021 1713 2050 1762 et
2076 1701 2153 1762 inter
2174 1721 2207 1762 se

608 1824 751 1903 sejunctis
781 1822 944 1898 conflatura
967 1822 1051 1903 qnod
1084 1821 1198 1884 etiamsi
1221 1822 1262 1883 ita
1285 1829 1379 1898 esset,
1401 1820 1496 1884 nrnlto
1519 1829 1618 1882 tamen
1642 1822 1772 1884 mitiores
1795 1841 1850 1884 eos
1873 1841 1940 1884 esse
1963 1829 2114 1903 oporteret
2135 1823 2207 1903 ipsis

608 1946 724 2008 nucleis
736 1945 988 2024 corpusculorum
1010 1945 1174 2024 sanguinis.
1218 1945 1286 2006 dam
1309 1964 1384 2006 uero
1403 1945 1429 2006 si
1454 1945 1543 2007 telam
1567 1945 1786 2022 inflammatam,
1809 1946 1941 2027 quaein
1964 1946 2208 2026 suppurationem

605 2071 671 2148 jam
700 2069 784 2143 abiit,
825 2068 1006 2149 inquirentes
1034 2067 1175 2146 globulos
1209 2067 1294 2148 puris
1324 2087 1534 2147 corriperemus
1557 2087 1624 2130 eum
1660 2068 1826 2132 substantia
1848 2069 1901 2130 illa
1922 2069 2104 2148 granulosa,
2134 2088 2208 2151 quae

608 2198 755 2286 perpetuo
779 2190 866 2252 simnl
880 2190 972 2267 adest,
997 2190 1132 2252 dubitare
1155 2191 1206 2250 iix
1229 2209 1404 2269 possumus,
1428 2191 1499 2272 quin
1522 2191 1565 2250 iTli
1588 2191 1660 2252 nibil
1685 2191 1768 2252 alind
1790 2192 1849 2254 sint
1871 2212 1961 2273 qnam
1983 2190 2120 2272 singulae
2142 2212 2208 2272 par·

609 2314 719 2377 tieulae
747 2315 837 2392 liujus
869 2313 1051 2374 substantioe
1081 2319 1247 2392 separatae,
1276 2312 1474 2391 conglobatae
1503 2321 1591 2394 atque
1614 2313 1805 2392 globulorum
1837 2315 1868 2376 in
1891 2315 2017 2376 formant
2040 2317 2135 2395 magis
2157 2317 2208 2378 mi·

609 2455 705 2501 nnsvc
729 2436 922 2514 conspicuam
945 2435 1097 2506 redactam
1121 2441 1294 2514 tantumque
1317 2435 1408 2508 abest
1431 2442 1465 2495 nt
1487 2435 1622 2514 singulos
1645 2455 1702 2498 nec
1724 2437 1781 2498 nisi
1807 2439 1982 2500 tumefactos
2006 2439 2208 2520 relerentglo-

610 2559 707 2634 bulos,
730 2557 981 2640 quemadmodum
1004 2557 1176 2618 Gendrin
1199 2556 1366 2632 arbitratur,
1389 2564 1422 2618 ut
1445 2557 1547 2638 potius
1568 2558 1625 2638 ipsi
1647 2558 1840 2637 granulosam
1862 2561 1992 2640 speciem
2016 2581 2089 2642 prae
2112 2582 2145 2624 se
2168 2564 2208 2624 ie-

611 2691 687 2746 rant.
737 2681 864 2762 Egregie
898 2680 945 2744 111.
967 2681 1110 2742 Frorie
1118 2701 1154 2760 p,
1184 2698 1245 2761 qua
1266 2680 1345 2742 solet
1367 2681 1475 2742 eximia
1497 2688 1560 2742 arte
1584 2688 1672 2762 atque
1703 2683 1892 2758 (temeritate,
1922 2683 2010 2745 telanr
2034 2685 2208 2748 cellulosam

611 2813 641 2870 et
663 2805 851 2866 tendinosani
873 2805 1082 2868 inflammatam
1107 2810 1194 2884 atque
1217 2812 1434 2884 suppuranteor
1459 2804 1739 2884 delineavitil).-·
1785 2805 1898 2868 Notum
1923 2813 1976 2880 est,
1997 2809 2170 2888 sangninem
2193 2829 2209 2870 e

609 2929 690 2992 vasis
714 2928 839 2989 effusum
864 2948 918 3007 per
940 2945 973 2988 se
997 2926 1116 3008 quidem
1139 2927 1168 2986 iu
1193 2945 1249 3006 pos
1272 2946 1334 2988 non
1358 2927 1457 3004 abire,
1487 2928 1541 2988 sed
1564 2928 1719 3006 paullatim
1742 2933 1793 2990 aut
1816 2930 2004 3009 resorptionc
2028 2932 2138 3006 auferri
2161 2941 2209 2994 aut

611 3053 642 3116 in
673 3052 825 3112 materiem
855 3050 1028 3127 organicam
1058 3049 1157 3124 abire,
1187 3049 1218 3108 id
1247 3050 1329 3129 quod
1358 3049 1463 3112 saltem
1498 3049 1529 3110 in
1561 3051 1698 3112 thrombo
1722 3051 1788 3114 fieri
1810 3051 1937 3114 ridetur.
1983 3053 2158 3116 Gendrin
2180 3057 2209 3118 in

612 3173 736 3238 canibus
765 3171 941 3249 sangninem
970 3189 987 3232 e
1015 3190 1091 3230 vena
1120 3191 1225 3232 recens
1253 3171 1376 3232 missum
1399 3170 1430 3232 in
1453 3171 1575 3234 axillam
1598 3173 1646 3234 vel
1682 3173 1714 3234 in
1747 3174 1868 3253 inguina
1891 3175 2057 3254 injiciebat,
2086 3197 2210 3262 eumque

612 3298 643 3360 in
665 3295 791 3358 maculis
814 3294 892 3354 telae
914 3290 1096 3370 cellulosae,
1125 3314 1201 3374 quae
1224 3293 1330 3354 leviter
1351 3294 1604 3370 inflammabatur,
1627 3295 1781 3376 coagulari
1803 3299 1973 3380 sensimque
1997 3301 2146 3364 resorberi
2168 3301 2208 3362 ri·

614 3418 670 3490 din
700 3433 792 3498 quum
815 3436 887 3478 vero
912 3417 989 3476 iacta
1012 3415 1173 3494 injectione
1196 3423 1315 3478 setaeeo
1339 3426 1452 3495 partem
1477 3418 1622 3497 sanguine
1645 3418 1796 3498 impletum
1820 3422 2034 3498 transfoderat,
2065 3443 2210 3504 suppura-

613 3542 657 3604 tio
680 3540 846 3614 oriebatur,
869 3537 932 3612 vel,
955 3545 988 3600 ut
1011 3537 1141 3598 auctoris
1165 3531 1263 3599 uerbis
1287 3548 1369 3612 nter,
1392 3539 1513 3618 sangnis
1536 3540 1566 3600 in
1589 3561 1646 3620 pus
1670 3541 1778 3606 abibat.
1824 3543 1998 3606 Gendrin
2021 3564 2059 3608 ex
2081 3547 2139 3608 boe
2160 3567 2211 3608 ex·

614 3665 780 3746 perimente
794 3661 955 3734 concludit,
980 3660 1187 3740 utsangnisin
1211 3680 1268 3740 pns
1293 3669 1499 3736 connnntetnr,
1523 3671 1605 3724 certo
1629 3665 1759 3744 quodam
1783 3685 1860 3744 opus
1884 3687 1951 3728 esse
1973 3667 2211 3732 inllunnnationis

613 3788 723 3870 gradu;
747 3786 817 3850 uriln
839 3805 913 3846 roro
936 3784 1009 3848 nibil
1033 3803 1119 3848 exeo
1133 3785 1274 3846 conelndi
1287 3803 1377 3864 posse
1397 3785 1523 3861 videtur,
1546 3785 1735 3849 nisisetaceo
1759 3791 1927 3852 transfosso
1950 3790 2210 3856 inflammationem

614 3917 643 3971 et
672 3909 918 3988 suppurationem
948 3907 1086 3982 exeitnri,
1119 3915 1207 3989 atque
1238 3908 1263 3968 si
1294 3916 1361 3968 onte
1391 3908 1451 3969 tela
1478 3911 1623 3988 sangnine
1653 3917 1737 3972 extra
1766 3931 1838 3973 vasa
1861 3913 1956 3974 effuso
1980 3913 2093 3994 repleta
2118 3918 2213 3988 luerit

614 4032 746 4092 luterum
769 4047 844 4102 esse,
866 4035 899 4088 ut
921 4047 978 4106 pus
1001 4029 1069 4089 inde
1093 4029 1193 4090 oriens
1215 4031 1359 4108 sangnine
1383 4031 1506 4092 neixtnm
1530 4039 1686 4111 appareat;
1719 4053 1816 4115 neque
1839 4036 1933 4110 enim,
1968 4037 2049 4117 quod
2072 4039 2162 4102 simul
2185 4041 2214 4102 in

614 4152 667 4214 tali
690 4171 723 4214 re
745 4148 860 4230 globuli
883 4149 1036 4228 sanguinis
1059 4157 1148 4230 atque
1173 4151 1255 4228 puris
1285 4153 1489 4231 reperiuntur,
1519 4154 1574 4216 lios
1596 4173 1635 4215 ex
1659 4153 1717 4216 illis
1741 4168 1825 4218 ortos
1848 4179 1914 4220 esse
1938 4161 2123 4238 coirrprobat.
2169 4165 2214 4226 Ac

616 4274 755 4348 marinio,
777 4273 974 4334 secretionem
999 4271 1081 4352 puris
1106 4271 1158 4332 ‹lin
1181 4273 1391 4352 perdurantem
1417 4274 1445 4334 in
1470 4275 1658 4340 abscessibus
1687 4280 1812 4358 apertis,
1847 4281 1877 4342 in
1898 4282 2072 4346 vnlrrcribns
2099 4305 2214 4368 suppu-

616 4395 766 4469 rantibus,
795 4395 826 4453 in
853 4395 1010 4472 superlicio
1041 4396 1278 4460 rerernbranannn
1307 4398 1522 4459 secernentinrn
1555 4401 1605 4482 qui
1636 4421 1738 4462 seernn
1768 4411 1898 4482 reputet,
1930 4405 1974 4480 id,
2004 4407 2085 4487 quod
2108 4409 2214 4472 tieria

618 4497 788 4582 Gendrin
825 4517 1014 4594 proposition
1044 4535 1103 4593 est,
1138 4539 1304 4600 repugnare
1337 4520 1425 4582 etiarn
1455 4520 1571 4603 legibus
1599 4523 1815 4606 physiologicis
1845 4528 2027 4612 omninoque
2054 4531 2121 4594 lieri
2150 4553 2214 4598 non

617 4663 709 4723 posse
732 4639 883 4718 intelliget.

617 4761 937 4778 m

777 4817 817 4880 (l)
838 4817 958 4878 lilnge,
976 4817 1170 4864 einerentones
1189 4821 1334 4868 nonrrnllre
1353 4822 1552 4882 microsenpicae
1572 4823 1624 4884 iila,
1642 4841 1709 4886 qrrae
1736 4829 1869 4890 primitiva
1893 4829 2001 4892 dieunt,
2021 4829 2049 4880 in
2068 4831 2211 4884 indam.

617 4911 690 4958 tium
707 4912 859 4970 aperientes.
879 4905 950 4958 Dias.
970 4905 1059 4966 inaug.
1078 4905 1165 4960 netu,
1186 4905 1263 4958 1835,
1336 4939 1340 4944 ,
