4784 5894
1354 517 1431 596 138

587 747 645 810 qua
669 728 797 790 alienun
819 729 1020 808 fragmentum
1049 726 1135 790 alteri
1163 725 1428 807 superimpositum
1459 733 1520 802 est,
1541 725 1727 806 periostwm
1756 733 1789 793 ct
1807 733 1914 807 partes
1943 725 2053 790 molles
2083 745 2193 806 mageo

587 851 700 913 ambitu
722 852 759 912 ab
783 871 853 914 csse
877 850 1091 914 abscinduntur
1114 849 1271 932 simulque,
1294 870 1356 931 que
1385 850 1484 914 rutum
1507 869 1621 915 rursus
1647 849 2005 930 satannianorum
2033 857 2196 932 partesque

588 974 711 1049 molles,
736 996 795 1057 qua
819 975 855 1036 ab
879 975 1164 1054 alterolragmento
1187 974 1227 1034 ad
1249 973 1377 1036 alterum
1408 979 1579 1048 trasenna,
1604 993 1733 1040 rausum
1757 973 1881 1056 aliquod
1904 973 2084 1055 relinquamt,
2114 973 2195 1056 quod

588 1099 716 1179 primum
739 1099 883 1178 sanguiue
907 1097 1018 1174 effuso,
1041 1106 1147 1178 postea
1167 1097 1289 1160 materie
1312 1117 1329 1157 e
1352 1097 1486 1176 partibus
1516 1096 1658 1161 mollibus
1681 1097 1869 1160 inflammatis
1890 1098 2037 1170 exsudata
2064 1097 2197 1178 repletam

590 1223 678 1304 (k).·
700 1223 835 1284 Priorem
858 1221 927 1284 calli
950 1222 1176 1296 formationem,
1199 1220 1325 1284 simulac
1348 1241 1417 1283 eum
1438 1220 1542 1282 Iocum
1570 1227 1758 1299 transgressa
1785 1227 1930 1302 estfquo
1958 1229 2058 1302 partes
2087 1221 2193 1284 molles

590 1345 651 1408 ossi
686 1347 783 1408 adhue
813 1347 992 1419 adhaerent,
1025 1365 1087 1406 non
1122 1345 1250 1425 amplius
1285 1344 1474 1424 superficiem
1510 1343 1605 1419 ossis,
1638 1344 1709 1407 sed.
1724 1343 1833 1414 faciem
1866 1344 2017 1410 inteream
2046 1344 2195 1426 capsulae,

589 1469 722 1550 partibus
757 1469 897 1532 mollibus
932 1469 1099 1532 tumefactis
1136 1470 1268 1543 edictae,
1301 1468 1387 1549 sequi
1424 1457 1567 1538 vidim'usr
1600 1485 1679 1550 quae
1708 1487 1801 1549 quum
1830 1468 2035 1544 infractura,
2069 1469 2108 1534 de
2136 1489 2194 1553 qua

590 1593 722 1668 dicimus,
747 1594 870 1654 multum
896 1593 1046 1654 distenta
1069 1591 1227 1672 superficie
1251 1591 1348 1669 ossis,
1371 1575 1625 1672 eorumquoque
1648 1607 1767 1656 osseam
1790 1591 2000 1656 formationem
2028 1593 2067 1654 alr
2090 1593 2195 1658 eodem

591 1717 714 1778 multum
749 1717 861 1780 distare
893 1735 1018 1778 necesse
1052 1722 1098 1778 est
1122 1713 1182 1797 (ὓς
1215 1735 1277 1796 quo
1292 1714 1349 1789 nr,
1383 1719 1417 1776 ut
1439 1707 1605 1779 inteream
1627 1714 1765 1798 cesisque
1799 1716 1989 1796 superficiem
2017 1716 2194 1780 denudatam

592 1859 730 1920 uragnum
755 1840 945 1902 intervallum
969 1839 1162 1920 relinquatur,
1186 1838 1267 1920 quod
1289 1837 1371 1900 callo
1395 1837 1510 1900 serlore
1533 1857 1611 1908 sero,
1627 1837 1756 1914 demum,
1778 1858 1815 1900 ac
1836 1859 1928 1920 saepe
1942 1859 2196 1923 uunquampror-

592 1983 643 2024 sns
668 1964 809 2043 repletur.
855 1964 891 2024 Id
914 1983 1003 2045 quam
1027 1963 1154 2024 mraxime
1178 1962 1376 2041 conspicuum
1398 1968 1444 2024 est
1466 1962 1505 2044 in,
1521 1962 1723 2030 delineatione
1741 1963 1956 2047 (uteru),
1977 1964 2082 2048 inqua
2100 1967 2197 2030 redo-

592 2107 654 2148 rem
678 2087 749 2148 calli
771 2087 981 2152 formationem
1004 2106 1066 2149 uon
1089 2087 1222 2169 undique
1244 2105 1340 2168 usque
1365 2087 1402 2146 ad
1427 2086 1591 2165 marginem
1612 2088 1762 2154 fracturae
1785 2103 1993 2167 progressam,
2014 2090 2069 2152 sed
2090 2110 2196 2172 super-

592 2209 689 2272 ficiem
713 2211 791 2276 ossis
815 2212 953 2292 proxime
976 2211 1015 2272 ad
1037 2212 1197 2272 fracturam
1221 2207 1358 2288 pluribus
1379 2209 1458 2270 locis
1482 2209 1568 2272 nullo
1592 2210 1684 2273 modo
1707 2217 1853 2278 mutatam
1874 2212 2017 2276 videmus.

752 2336 882 2398 Prorsus
907 2335 1011 2398 eadem
1035 2333 1066 2394 in
1098 2332 1281 2411 marginibus
1311 2351 1431 2413 queque
1460 2333 1610 2398 fracturae
1632 2333 1715 2398 frma.
1733 2333 1939 2400 ··Substanlia
1961 2336 2062 2402 mollis
2085 2359 2102 2400 e
2124 2339 2195 2404 tubo

592 2457 750 2521 medullari
781 2457 958 2537 prosiliens,
981 2475 1058 2537 quae
1091 2475 1159 2516 cnm
1188 2455 1325 2535 partibus
1352 2455 1497 2519 mollibus
1517 2455 1806 2534 circumducentibus
1835 2466 1977 2524 currerent
2004 2463 2197 2528 substantiam

593 2579 803 2646 intermediam
826 2581 944 2656 format,
967 2579 1052 2642 initio
1075 2597 1180 2660 parum
1205 2579 1388 2658 marginibus
1411 2579 1603 2656 adhaerescit,
1627 2580 1737 2648 sensim
1760 2601 1843 2660 vore,
1866 2584 1995 2664 priunum
2018 2586 2138 2668 quidun
2159 2589 2198 2650 ad

592 2723 701 2766 cavum
725 2704 907 2780 medullam,
931 2704 999 2766 dein
1023 2703 1112 2765 etiam
1134 2702 1257 2786 reliquis
1280 2701 1430 2782 partibus,
1455 2703 1564 2768 arcam
1588 2703 1768 2772 adnascitur.
1813 2709 1881 2778 lam
1912 2724 1995 2774 nono
2025 2711 2074 2774 dle
2103 2713 2195 2776 mani-

594 2829 698 2890 festam
723 2847 865 2890 vasorum
889 2828 1133 2907 conjunctionem
1156 2826 1233 2888 inter
1256 2827 1309 2888 Irae
1333 2835 1433 2906 partes
1457 2833 1592 2890 exortem
1616 2830 1741 2908 agnovi,
1763 2831 1869 2894 cadem
1892 2833 1941 2897 die
1954 2835 2114 2900 undecimo
2130 2837 2195 2918 plu·

593 2951 673 3013 ribus
696 2952 773 3016 locis
797 2954 876 3014 facta
898 2959 976 3027 crat,
1000 2959 1090 3032 atque
1113 2950 1233 3030 singrdc
1255 2950 1327 3012 Ioco
1351 2951 1460 3030 exigna
1482 2924 1629 3032 quaedam
1659 2952 1818 3016 ensudatio
1846 2957 1989 3020 materiae
2017 2979 2125 3024 osseae
2146 2982 2195 3024 ex.

592 3074 714 3148 stiterat,
740 3075 772 3134 id
793 3075 877 3155 qnod
899 3075 929 3135 in
953 3075 1085 3136 fractura
1108 3073 1224 3134 dierum
1246 3074 1337 3134 XVII
1361 3074 1391 3134 in
1415 3081 1479 3136 toto
1503 3075 1615 3142 alumen
1638 3077 1779 3155 marginis
1798 3079 1955 3158 fragmenti
1977 3085 2144 3164 superioris
2155 3089 2196 3148 fa-

593 3205 674 3258 ctum
703 3196 814 3270 inveui;
838 3197 869 3258 iu
893 3197 1031 3270 fraetura,
1054 3216 1143 3276 quam
1166 3197 1452 3275 supramemoravi,
1475 3197 1591 3260 dierum
1613 3200 1724 3264 XXIII
1747 3201 1814 3264 talis
1837 3197 1994 3270 exsudatio
2017 3213 2115 3272 totum
2137 3196 2195 3274 aiu·

595 3320 686 3381 bitum
710 3319 866 3399 fragmenti
896 3319 1063 3396 inferioris,
1087 3325 1117 3380 et
1138 3319 1296 3380 nmximam
1328 3329 1440 3398 partem
1472 3322 1636 3402 superioris
1667 3323 1835 3400 obsidebas
1858 3329 1963 3392 eadem
1991 3331 2196 3416 plerisquein

594 3443 670 3504 locis
693 3443 723 3503 iu
747 3444 877 3504 fractura
899 3442 984 3503 vituli
1013 3443 1129 3504 dierum
1152 3443 1284 3504 XXXV
1308 3445 1358 3520 (T.
1383 3444 1420 3505 lI.
1443 3445 1464 3507 f.
1477 3444 1525 3527 5.)
1549 3446 1669 3514 inumata
1692 3454 1750 3522 est,
1774 3455 1864 3532 atque
1884 3452 1917 3514 in
1931 3455 1995 3534 (0)
2019 3475 2087 3518 cum
2117 3459 2196 3522 callo

594 3563 764 3646 superficiei
786 3573 847 3626 tam
870 3575 1010 3628 externae
1033 3585 1122 3647 quam
1145 3565 1292 3640 internae,
1316 3565 1345 3626 in
1370 3568 1431 3648 (Il)
1455 3569 1648 3632 solummodo
1672 3591 1740 3634 eum
1763 3573 1843 3636 callo
1866 3578 2035 3656 superficiei
2057 3590 2196 3646 externae

595 3690 693 3761 coivit,
717 3690 748 3752 iu
772 3690 828 3770 (F)
851 3710 924 3752 vero
948 3690 1045 3752 adhuc
1067 3691 1205 3768 sejuncta
1227 3696 1280 3765 est,
1302 3696 1332 3752 et
1355 3690 1385 3750 iu
1408 3691 1463 3767 (E)
1488 3713 1592 3772 margo
1616 3695 1764 3760 fracturae
1777 3659 2197 3790 plane'adhuouudusappa-

596 3823 649 3876 ret.
696 3813 730 3876 In
761 3814 899 3878 omnibus
931 3814 1069 3878 fractane
1101 3813 1310 3877 cuniculorum
1342 3823 1437 3878 aetate
1467 3818 1707 3896 provectioribus
1736 3821 1815 3883 lianc
1843 3825 2084 3908 exsudationem,
2107 3834 2196 3896 modo

597 3940 751 4014 maiorem,
774 3938 866 3999 modo
890 3938 1036 4001 minorem
1060 3937 1233 4010 observem
1256 3957 1409 4020 nunquam
1433 3959 1506 4001 vero
1530 3943 1680 4020 naergiues
1702 3944 1863 4026 apicesque
1880 3948 2197 4042 obtundunturneque

596 4061 806 4136 emolliuntur,
829 4061 941 4142 diuque
964 4061 1053 4140 plane
1084 4061 1228 4124 immutati
1250 4060 1282 4122 in
1305 4062 1428 4124 materie
1458 4081 1561 4139 ossea,
1595 4067 1699 4130 exiis
1722 4070 1873 4148 profecta,
1897 4071 2034 4158 dignosci
2061 4093 2196 4158 possent

757 4187 840 4248 Dum
851 4187 891 4247 ita
902 4184 1035 4266 undique
1049 4184 1186 4246 ruateries
1200 4175 1509 4262 osseaeexsudautur,
1532 4188 1704 4272 sensimque
1715 4201 1916 4272 augescentes,
1940 4218 2001 4279 qua
2013 4203 2196 4286 confingunt,

600 4308 676 4368 inter
699 4328 732 4370 se
755 4308 944 4383 coalescunt,
967 4307 1094 4370 lacunae
1118 4313 1207 4389 atque
1229 4307 1396 4383 intervalla,
1419 4329 1496 4390 quae
1520 4321 1609 4375 antea
1630 4315 1796 4392 adfuerant,
1818 4321 1955 4400 magisin
1972 4323 2035 4388 dies
2048 4328 2197 4396 ¹vinnon.

600 4437 656 4498 tur,
679 4443 708 4492 et
730 4429 896 4492 substantia
918 4429 1202 4507 fibroso-cellulosa
1225 4451 1243 4492 e
1266 4431 1400 4512 partibus
1422 4433 1564 4498 mollibus
1587 4438 1730 4516 profecta,
1753 4442 1872 4520 sensim,
1895 4451 2036 4530 tarrquam
2057 4415 2130 4517 1001,¹
2141 4475 2198 4520 suo

600 4553 734 4634 depulsa,
757 4552 922 4626 armarere
945 4573 1006 4634 quo
1030 4553 1125 4630 facto,
1148 4554 1244 4618 mins
1269 4573 1396 4620 massam
1419 4559 1592 4621 continuam
1614 4561 1768 4629 constituit
1789 4565 2023 4646 fragmentorum
2045 4575 2121 4642 fines
2143 4601 2200 4648 un·

602 4677 691 4758 dique
713 4677 880 4756 cingentem
903 4683 1047 4762 arcteque
1070 4677 1147 4740 inter
1168 4695 1202 4742 se
1225 4681 1467 4760 conjungentem.
1512 4683 1626 4746 Forma
1643 4685 1737 4771 lgitur
1758 4696 1789 4752 et
1819 4692 1908 4772 copia
1937 4695 2008 4758 calli
2036 4701 2197 4770 admodum

602 4801 713 4874 difert;
737 4801 841 4864 eadem
864 4822 939 4865 vero
961 4821 1080 4884 semper
1101 4801 1290 4866 formationis
1312 4804 1398 4878 ratio,
1422 4805 1526 4870 eadem
1550 4828 1619 4870 cum
1641 4811 1813 4893 fragmentis
1836 4821 2008 4884 communio
2032 4835 2084 4888 est
