4768 5894
941 533 1021 611 tto

196 761 277 810 nem.
327 743 448 808 Diserte
474 743 540 824 jam
569 743 797 826 Marrigues
820 742 871 826 (l)
904 743 1009 806 eliatus
1037 749 1096 820 est,
1122 743 1154 806 in
1175 743 1289 808 ossium
1312 744 1452 808 numnis
1472 749 1706 829 suppurantibus
1728 769 1791 814 non

189 867 276 952 priua
298 867 409 932 mllum
430 867 564 934 exordiri
584 887 693 950 posse,
714 887 804 951 quam
828 869 1060 949 fragmentorum
1082 867 1166 946 lines,
1188 869 1215 932 si
1235 887 1299 932 non
1321 869 1384 967 toti,
1418 869 1577 932 maximam
1600 879 1698 936 umen
1720 895 1790 956 par-

189 992 395 1056 temexioliati
406 1000 516 1056 essent.
549 992 670 1076 Reliqui
682 979 855 1074 'scriptores
877 992 1013 1074 plerique
1036 991 1134 1056 obiter
1155 999 1270 1056 tantum
1291 1012 1349 1056 nee
1370 994 1443 1057 satis
1466 993 1604 1058 densete
1624 993 1682 1058 bac
1704 997 1791 1060 dere

188 1114 302 1181 elocuti
313 1123 396 1194 sunt;
407 1118 460 1194 sic,
470 1124 504 1182 ut
515 1116 653 1200 exempla
664 1117 779 1200 aliquot
790 1116 920 1194 meram,
931 1115 1073 1198 Bello)
1086 1135 1209 1198 magnas
1220 1136 1312 1198 saepe
1322 1117 1438 1180 ossium
1450 1125 1552 1200 partes
1565 1119 1636 1182 dicit
1647 1121 1790 1201 seperari,

188 1240 321 1322 Boyer
344 1237 402 1327 (3)
424 1241 649 1323 granulationes
671 1240 811 1324 prosilire
833 1259 851 1304 e
872 1239 1106 1320 fragmentorum
1129 1241 1252 1316 tinibus,
1274 1241 1468 1306 exloliatione
1489 1244 1583 1306 modo
1605 1263 1791 1326 praegressa,

187 1364 282 1430 modo
304 1383 367 1428 non
388 1385 577 1447 praegressa.
622 1363 873 1442 Observationes,
896 1365 1095 1428 fracturarum
1116 1363 1362 1446 complicatamm
1391 1365 1581 1430 sanationem
1609 1375 1789 1450 spectantes,

187 1488 220 1552 in
243 1489 482 1570 ephemeridibus
510 1489 698 1570 chirurgicis,
720 1507 740 1551 a
761 1487 943 1566 Richter,
965 1489 1238 1570 Laugcnback,
1259 1491 1371 1567 linet,
1395 1475 1538 1557 Graeie
1558 1497 1590 1556 et
1611 1479 1790 1556 waltber

188 1611 285 1691 editis,
307 1613 489 1698 conquirens
509 1599 624 1695 paucas
647 1612 809 1676 admodum
831 1612 943 1692 inveni,
966 1613 997 1674 in
1019 1612 1128 1695 quibus
1151 1632 1214 1676 nou
1235 1614 1274 1676 sit
1285 1621 1493 1693 memoratum,
1512 1615 1648 1697 singulas
1663 1616 1789 1694 assulas,

188 1755 227 1800 ae
248 1755 340 1819 saepe
363 1737 483 1821 quidem
507 1736 559 1801 diu
580 1743 651 1818 post
673 1741 769 1800 ortam
793 1737 962 1814 tracturam,
986 1739 1097 1817 eJaetas
1120 1756 1204 1814 essee
1233 1737 1265 1800 iu
1285 1738 1437 1822 plerisque
1460 1739 1601 1802 disertam
1622 1759 1786 1832 necroseos

187 1867 345 1944 separatae
366 1860 508 1942 iniectam
529 1861 629 1924 iuveni
650 1860 843 1939 mentionem,
873 1879 971 1944 neque
994 1861 1115 1924 dubium
1139 1862 1265 1966 videtur,
1287 1863 1360 1948 quin
1383 1862 1503 1926 assulae
1525 1883 1664 1946 quoque,
1695 1885 1788 1948 supra

187 1991 379 2063 memoratae,
400 1985 441 2048 ad
461 1986 602 2050 necrosin
624 1985 729 2048 reterri
752 1984 887 2048 debeant
933 1985 1089 2067 Sequitur,
1116 1991 1151 2048 ut
1171 1971 1306 2050 necrosis
1326 1986 1361 2096 1ιιι
1383 1987 1522 2050 fracturis
1543 1989 1787 2070 suppurantibus,
1884 2043 1886 2046 .
1941 2001 1945 2008 '

188 2109 216 2174 si
236 2128 299 2173 nou
319 2115 468 2192 perpetuo
490 2115 521 2174 et
542 2109 723 2188 necessario,
745 2115 826 2172 carte
847 2109 879 2171 iu
900 2107 1053 2192 plerisque
1076 2109 1191 2172 existat.
1236 2109 1277 2172 At
1298 2127 1382 2186 vero,
1404 2111 1547 2193 quoniam
1569 2112 1636 2192 ipsa
1657 2114 1789 2178 maxime

188 2233 323 2298 neerosis
344 2233 515 2297 accusanda
536 2240 589 2310 est,
611 2252 666 2297 cur
688 2234 837 2298 tracturae
859 2232 1055 2318 complicatae
1077 2239 1130 2296 aut
1152 2252 1258 2315 parum
1281 2233 1405 2296 tirmiter
1427 2241 1480 2296 aut
1501 2236 1786 2300 omniuononcou-

190 2357 364 2435 solidentur,
386 2377 482 2441 eaque
503 2358 639 2423 necrosis
660 2355 724 2421 n'on
745 2363 807 2420 mm
827 2345 896 2440 ipsa
917 2356 1031 2420 ossium
1053 2355 1188 2420 laesione
1210 2356 1413 2434 (mechanica)
1437 2377 1527 2439 quam
1549 2358 1667 2422 turbata
1689 2361 1786 2444 prima

187 2481 352 2546 montom
373 2481 480 2560 orimr,
499 2501 601 2576 nonne
622 2481 760 2546 videatur
779 2501 895 2564 operae
917 2481 1045 2564 pretium
1067 2499 1134 2544 esse
1157 2479 1295 2561 experiri,
1318 2499 1421 2546 anuou
1439 2499 1531 2564 saepe
1543 2483 1708 2546 muniendo
1719 2484 1787 2548 vnd-

185 2625 260 2672 uere
281 2611 405 2670 exterm
428 2612 459 2669 et
480 2605 689 2686 complicatam
711 2607 872 2669 tracturam
894 2605 926 2667 in
947 2604 1112 2686 simplicem
1133 2604 1286 2684 mutando,
1309 2603 1392 2686 quod
1414 2611 1523 2686 sponte
1534 2606 1567 2668 fit
1588 2607 1621 2669 in
1639 2609 1787 2673 cuniculis

166 2736 290 2808 ,muso
311 2727 489 2812 effingenda,
509 2727 684 2810 praecaveri
705 2727 878 2810 possit,·ne
900 2745 937 2790 os
959 2726 1141 2791 emoriatur?
1183 2724 1297 2790 Nonne
1318 2725 1430 2790 idonea
1450 2729 1622 2806 curabam,
1650 2733 1786 2811 partibus

184 2853 284 2923 oaeeia
305 2851 543 2938 prominenb'bua
562 2850 659 2933 proba
681 2851 874 2932 reponendis,
901 2855 966 2927 aut,
990 2849 1022 2913 si
1050 2865 1099 2914 res
1125 2849 1247 2930 mripare
1275 2848 1427 2928 umens,
1454 2871 1540 2916 serra
1568 2854 1785 2948 praecidendis,

185 2977 346 3046 vulnerum
366 2976 454 3042 labiis
475 2975 648 3042 mmiendis
669 2974 915 3058 probibendaque
935 2973 1167 3040 inflammatione
1188 2973 1428 3053 vehementiore,
1449 2995 1543 3058 saepe
1562 2975 1644 3040 idem
1666 2983 1731 3042 arta
1752 2978 1784 3044 iu

187 3103 367 3182 bominibus,
387 3100 471 3186 quod
491 3120 512 3164 a
532 3107 641 3169 natura
662 3099 695 3164 iu
716 3098 895 3166 animalibus
909 3099 1105 3183 quibusdam,
1126 3098 1231 3180 pertici
1252 3095 1370 3181 possiet

348 3399 392 3475 (1)
408 3405 621 3468 Marrituer,
638 3405 659 3460 1.
676 3419 701 3460 c.
719 3419 744 3468 p.
764 3401 826 3459 1³2.

346 3489 391 3563 (θ)
410 3495 505 3559 lleil,
522 3493 766 3546 hamah-ake.
784 3509 810 3557 p.
827 3491 874 3548 28.

348 3580 389 3654 (8)
408 3585 532 3650 lioper,
549 3583 616 3640 ebir.
634 3583 755 3640 Kraofl.
774 3591 837 3638 tom.
856 3582 907 3634 111.
925 3597 953 3648 p.
969 3579 1033 3634 368.
