4784 5894
977 519 1053 592 175

211 721 305 784 multa
334 727 364 784 et
384 723 505 802 egregia·
526 724 712 798 continente,
740 729 903 788 oocuruurt
925 723 1159 802 observationes,
1182 701 1384 806 quibuslicet
1403 741 1466 787 nou
1487 725 1578 805 plane
1599 745 1648 790 res
1670 730 1812 810 expedia-

211 853 269 920 tur,
292 845 414 908 multum
438 854 537 908 tamen
559 845 635 910 luem
658 845 686 908 ei
709 845 879 908 affunditur.

370 968 476 1030 Omnis
504 969 565 1030 tela
593 987 668 1032 sana
694 969 787 1030 fluido
818 967 950 1050 quodm
979 969 1097 1030 madida
1126 977 1171 1032 est
1193 970 1290 1046 teum,
1318 967 1524 1046 albuminoso,
1553 971 1635 1052 quod
1662 983 1810 1056 perpetuo

210 1089 382 1166 exhalatur,
405 1097 493 1172 atque
517 1091 705 1167 resorbetur,
729 1097 759 1153 et
781 1090 901 1172 praeter
922 1109 1059 1154 normam
1080 1093 1253 1172 congeritur
1275 1093 1306 1154 iu
1329 1094 1494 1168 oedemate,
1517 1094 1660 1176 quodque
1681 1103 1715 1159 ut
1737 1117 1810 1162 cou-

208 1219 346 1292 geratur,
380 1221 443 1276 artc
473 1213 551 1276 ellici
578 1219 693 1294 potest,
723 1214 882 1304 humorum
904 1213 1019 1276 scilicet
1040 1214 1158 1276 ressnxu
1180 1216 1406 1296 compressione
1429 1216 1612 1293 cohibendo,
1639 1218 1681 1278 ita
1704 1201 1811 1298 tamen,

209 1345 241 1397 ut
271 1336 412 1412 menae,
443 1348 497 1418 per
519 1355 594 1418 quas
616 1337 739 1416 sanguis
762 1336 869 1413 allinit,
897 1355 962 1399 uon
984 1337 1072 1400 simul
1096 1337 1337 1419 comprimantur.
1385 1338 1442 1399 Ubi
1464 1339 1592 1418 primum
1615 1339 1809 1406 inflammatio

209 1459 323 1534 existit,
352 1459 452 1521 itidem
467 1460 539 1522 ·boc
567 1459 692 1520 liuidum
721 1459 906 1539 congeritur,
935 1477 1034 1541 neque
1062 1467 1160 1522 temen
1191 1479 1209 1521 a
1238 1460 1367 1522 natrtrali
1400 1460 1572 1523 conditione
1595 1463 1721 1536 recedit;
1743 1485 1809 1528 cre-

210 1589 312 1644 scente
342 1581 582 1646 inflammationis
612 1581 813 1659 vehementia,
842 1591 997 1663 praeterea
1019 1581 1050 1642 in
1072 1580 1200 1645 telarum
1224 1583 1387 1647 interstitiis
1410 1584 1533 1645 materia
1556 1585 1702 1666 quaedam
1725 1587 1808 1668 gela-

207 1706 306 1767 tiuosa
328 1713 358 1766 et
379 1714 520 1766 concreta
542 1711 668 1786 apparet
689 1703 767 1768 telae
790 1705 957 1768 adhaerens
981 1706 1107 1788 etquasi
1130 1706 1161 1768 iu
1183 1724 1274 1768 uuum
1299 1725 1367 1767 cnm
1391 1725 1426 1768 ea
1449 1715 1578 1768 connata
1601 1705 1807 1791 (incorpore);

208 1827 234 1890 si
257 1829 356 1906 maJ'or
378 1827 465 1889 etiam
488 1827 569 1890 illius
593 1835 638 1890 est
659 1829 854 1904 vehementia,
876 1830 951 1892 baec
973 1829 1111 1892 materies
1133 1828 1300 1909 gelatiuosa
1323 1829 1417 1910 magis
1440 1829 1692 1892 minusvecolore
1706 1832 1809 1910 rubro,

207 1951 258 2013 vel
285 1969 453 2030 purpureo,
481 1951 589 2026 tincta,
620 1951 712 2014 immo
741 1951 891 2013 interdurn
914 1952 980 2031 ipso
1004 1951 1149 2032 sanguiue
1172 1952 1267 2014 elluso
1291 1952 1382 2012 mixta
1405 1951 1599 2032 conspicitur.
1643 1954 1808 2015 Plurimum

208 2074 296 2136 siruul
325 2075 355 2134 bi
377 2093 483 2136 omues
505 2075 616 2152 gradus
640 2075 882 2138 inflammationis
904 2074 936 2136 in
958 2081 1043 2156 parte
1066 2074 1167 2155 aliqua
1188 2073 1369 2135 mflamruata
1392 2075 1516 2150 adsunt,
1546 2075 1587 2135 ita
1610 2076 1747 2157 quidem,
1777 2085 1810 2140 ut

209 2217 261 2271 ea,
288 2215 348 2278 que
370 2204 511 2278 tanquam
541 2203 674 2258 centrum
699 2197 941 2260 inflammationis
963 2204 1023 2272 est,
1045 2197 1211 2276 sanguinea
1234 2202 1377 2276 appareat
1400 2195 1570 2272 iniiltratio,
1598 2197 1754 2277 paullatim
1779 2200 1809 2262 in

208 2319 412 2400 gelatiuosem‚
434 2321 565 2402 indeque
588 2321 618 2381 in
641 2339 786 2401 aquosam
810 2341 846 2382 ac
868 2327 1023 2400 postremo
1046 2320 1076 2382 in
1099 2327 1208 2382 statum
1232 2339 1336 2382 senum
1354 2319 1465 2380 abiens.
1511 2321 1544 2380 ln
1557 2320 1721 2400 sanguinea
1733 2331 1762 2382 et
1778 2323 1806 2382 iu

207 2443 384 2524 gelatinose'
397 2443 477 2505 Gen
486 2444 573 2506 drin
589 2441 731 2523 globulos
743 2443 863 2520 invenit,
887 2463 964 2526 quos
974 2462 1032 2525 pro
1045 2442 1234 2523 corpusculis
1247 2442 1399 2524 sanguinis
1411 2443 1563 2524 pigmento
1575 2444 1699 2524 privatis
1712 2445 1808 2506 babet

368 2566 400 2628 Si
422 2585 493 2646 pars
516 2566 698 2628 inflammata
720 2566 751 2626 iu
773 2566 1021 2646 suppurationem
1041 2567 1105 2644 jam
1129 2565 1208 2640 abiit,
1231 2567 1396 2628 secundum
1419 2567 1597 2629 Geudrin
1620 2568 1732 2648 passim
1755 2569 1809 2628 ad-

206 2691 268 2752 buc
291 2689 343 2750 illa
366 2689 488 2750 materia
510 2687 678 2766 gelatiuosa
699 2693 841 2748 concreta
864 2683 1057 2765 dignoscitur,
1081 2685 1147 2747 aliis
1170 2686 1247 2750 locis
1271 2688 1375 2748 eadem
1399 2687 1525 2766 turbida,
1550 2691 1810 2752 aduenae-flava

208 2817 350 2893 apparet,
385 2827 482 2890 eoque
505 2808 614 2888 magb,
651 2826 713 2889 quo
735 2809 923 2888 propiusad
946 2807 1041 2888 ipsam
1063 2807 1252 2888 purulentam
1276 2809 1502 2870 exsudatiouem
1524 2811 1652 2886 accedit3
1691 2813 1720 2872 iu
1744 2813 1808 2888 bac,

205 2956 266 3016 ope
295 2932 501 3012 mioroscopii,
528 2929 644 3010 globuli
672 2930 756 3010 puris
790 2931 921 3012 proprii,
950 2931 980 2992 in
1003 2950 1055 3007 ea,
1087 2949 1164 3012 quae
1186 2949 1268 2993 mere
1290 2931 1387 2992 adbuc
1408 2931 1575 3010 gelatinosa
1598 2942 1658 3008 est,
1691 2933 1807 3011 globuli

206 3074 300 3139 supra
330 3053 569 3128 commemorati,
591 3052 693 3114 'multo
721 3053 781 3116 illis
812 3053 944 3116 minores
974 3053 1215 3134 conspicssuntun
1248 3073 1307 3135 que
1336 3053 1464 3134 denique
1494 3053 1588 3116 altera
1622 3056 1653 3115 iu
1683 3055 1807 3116 alteram

201 3181 329 3257 'trausit,
356 3178 475 3260 utrique
502 3176 618 3257 globuli
647 3177 725 3240 inter
752 3196 786 3240 se
815 3176 898 3238 mixti
927 3183 1006 3238 sunt.
1059 3177 1185 3238 Setaceo
1212 3165 1271 3256 'per
1300 3177 1438 3238 arteriam
1462 3177 1592 3259 aliquam
1613 3178 1808 3258 praeligatum

208 3304 404 3384 tbrourboque
438 3300 591 3380 sauguinis
625 3299 759 3362 clausam
793 3301 974 3375 transfosso,
1007 3299 1186 3380 suppuratio
1213 3299 1329 3373 existit,
1364 3319 1399 3362 ac
1429 3301 1584 3364 manifeste
1613 3300 1809 3364 substantiam

208 3427 335 3490 tbrombi
364 3423 493 3487 eurolliri
524 3422 738 3504 paullatimque
767 3423 797 3483 in
821 3441 878 3503 pus
901 3423 1077 3484 corumuteri
1108 3423 1254 3486 videmus.
1301 3423 1333 3485 Si
1358 3441 1418 3505 qua
1440 3443 1511 3504 pars
1532 3424 1613 3486 vasis
1637 3425 1807 3504 cujuspiam

208 3551 323 3614 duabus
353 3547 488 3628 ligaturis
517 3545 717 3626 praeligetur,
746 3545 916 3627 emissoque
944 3545 1090 3626 sanguine
1118 3566 1231 3626 corpus
1262 3545 1391 3607 alienum
1421 3546 1579 3625 ingeritur,
1614 3545 1808 3608 inflammatio

208 3673 343 3738 exoritur
371 3671 499 3750 indeque
529 3669 685 3730 exsudatio
716 3668 857 3730 materiae
880 3667 1093 3748 coagulabilis,
1123 3687 1182 3748 qua
1207 3668 1288 3730 vasis
1311 3667 1412 3728 lumen
1435 3668 1627 3742 obliteratur;
1658 3670 1808 3730 circum

208 3815 349 3876 corpus
371 3811 461 3856 uero
485 3791 651 3853 alienum
676 3809 744 3870 pus
768 3790 923 3864 existit,
947 3809 989 3849 ac
1011 3789 1193 3850 ureteries
1215 3789 1291 3849 illa
1314 3789 1582 3867 coagulabilis
1605 3790 1809 3851 mauileste

208 3919 463 3983 emollescere
486 3920 521 3976 et
544 3915 580 3974 in
605 3933 673 3994 pus
696 3911 803 3974 abire
826 3917 999 3993 apparel.

367 4038 545 4104 Gendrin
569 4035 657 4116 igitur
674 4035 863 4116 globulos
885 4035 997 4116 puris
1021 4054 1038 4094 e
1061 4033 1316 4114 corpusculis
1339 4033 1541 4114 sanguinis
1564 4036 1808 4098 commutatis

209 4169 282 4232 oriri
309 4166 387 4240 vult,
415 4164 505 4245 idque
534 4181 572 4222 ex
602 4159 684 4221 bisce
712 4158 840 4218 maxime
868 4157 1078 4238 experimentis
1106 4157 1268 4219 concludit.
1314 4158 1432 4218 Partem
1456 4157 1587 4238 aliquem
1611 4159 1737 4220 arteriae
1759 4159 1809 4220 vel

208 4309 302 4354 venae
334 4288 449 4350 duabus
479 4284 615 4365 ligaturis
638 4280 838 4363 praeligabat,
870 4287 899 4341 et
921 4300 1012 4362 quum
1036 4281 1150 4342 exierat
1172 4254 1294 4360 sanguis
1317 4279 1347 4341 in
1371 4299 1407 4340 ea
1430 4287 1603 4356 contentus,
1626 4281 1810 4343 solutionem

207 4413 317 4496 lapidis
339 4407 491 4472 infernalis
514 4405 680 4486 injiciebat,
703 4423 762 4486 qua
785 4423 890 4466 rursus
913 4403 1031 4478 emissa,
1054 4402 1184 4464 laxanda
1207 4402 1301 4462 altera
1322 4401 1450 4480 ligatura
1473 4402 1608 4480 iaciebat,
1631 4412 1664 4466 ut
1686 4405 1808 4484 sanguis

210 4553 314 4598 rursus
336 4533 488 4604 indueret,
517 4529 684 4610 iterumque
706 4526 844 4590 nectebat
864 4525 1030 4606 ligaturam.
1077 4523 1300 4604 Suppuratione
1323 4523 1354 4585 iu
1378 4543 1450 4586 vase
1473 4533 1594 4603 exorta,
1617 4545 1677 4606 ope
1699 4525 1808 4586 micro-

209 4657 306 4740 scopii
340 4653 482 4735 globulos
517 4650 671 4730 sanguinis
708 4648 864 4732 paullatim
905 4649 937 4711 in
976 4646 1117 4728 globulos
1145 4647 1231 4729 puris
1260 4645 1403 4710 abeuntes
1442 4649 1597 4710 manifeste
1630 4646 1809 4726 dignoscere

157 4799 160 4806 ’
209 4783 267 4849 sibi
291 4780 374 4846 visus
396 4781 457 4846 est,

369 4903 557 4982 Quamquam
568 4902 668 4958 autem
685 4893 814 4956 maxima
824 4915 892 4957 cum
903 4893 1160 4958 verisimilitudine
1178 4912 1216 4956 ex
1227 4893 1274 4957 bis
1285 4891 1497 4974 experimentis
1508 4897 1538 4954 et
1549 4889 1810 4954 observationibus
