4784 5894
929 577 1006 651 lae

166 791 268 868 partes
291 786 526 867 fragmentorum
549 805 570 848 a
589 787 752 868 periostto·
766 785 887 848 orbans
910 786 1023 850 sensim
1043 791 1174 866 superet,
1198 791 1296 868 atque,
1317 786 1387 848 binc
1408 786 1480 850 inde
1503 787 1544 850 ab
1558 805 1628 851 osse
1645 789 1766 867 distans,

165 909 243 974 mee
264 911 376 974 tractos
399 911 499 992 cyathi
521 911 561 974 ad
583 912 679 974 bastae
700 909 963 991 amplecitur.—
1009 911 1045 972 ln
1068 911 1199 972 lracarra
1222 929 1332 974 novem
1355 893 1476 974 dierum
1499 913 1617 976 haecce·
1641 932 1767 995 appare-

166 1033 240 1122 bant
261 1034 358 1116 (Μ.
380 1035 455 1098 aab.
477 1036 515 1098 ll.
538 1034 644 1102 aasz
763 1063 765 1071 ¹
964 1035 967 1042 ⁴
1359 1055 1360 1060 ’

327 1159 487 1240 smgnnus
510 1160 541 1222 in
563 1165 664 1240 parles
686 1157 796 1222 molles
817 1157 905 1221 effusi
925 1161 978 1221 vix
999 1158 1097 1221 ullum
1117 1159 1276 1240 vestigium
1305 1159 1558 1240 conspiciebatur,
1592 1181 1649 1223 uec
1670 1163 1769 1224 miuus

166 1281 409 1346 inflammationis
429 1283 517 1363 signa
537 1301 634 1364 propo
662 1282 853 1364 superficiem
866 1289 1029 1384 ¹curtemaim
1059 1283 1122 1346 lere
1149 1303 1276 1365 prorsus
1305 1283 1529 1365 disparueraut3
1570 1293 1676 1348 ccutra
1704 1303 1771 1348 mir·

167 1404 246 1471 sculi
267 1405 382 1471 circum
402 1407 500 1488 ipsam
520 1409 681 1470 maturam
700 1408 837 1486 jacentes
859 1406 954 1487 magis
976 1405 1054 1469 iuter
1075 1425 1110 1470 se
1133 1408 1341 1485 cohaerebant,
1364 1415 1453 1491 atque
1476 1409 1640 1472 crassiores
1663 1415 1693 1472 et
1715 1411 1770 1473 du·

168 1529 265 1596 riores
288 1537 380 1606 erant,
402 1549 494 1612 quam
515 1532 546 1592 iu
569 1549 657 1594 crure
679 1549 766 1593 seno.
810 1531 959 1592 lbaatura
979 1531 1078 1592 cincta
1099 1537 1164 1594 erat
1181 1519 1310 1612 'capsula
1333 1531 1472 1613 oblonga,
1494 1534 1658 1616 inaequali,
1683 1543 1771 1617 atque

171 1653 302 1737 aliquam
325 1654 395 1716 iude
414 1655 583 1717 firmitatem
606 1657 668 1734 jam
691 1653 801 1736 adepta
822 1662 895 1718 erat
940 1653 1037 1735 Tibia,
1060 1675 1122 1738 qino
1146 1656 1312 1718 accuratius
1329 1656 1453 1738 disquiri
1472 1663 1583 1738 posset,
1606 1661 1772 1721 secundum

171 1777 390 1858 longitudinem
409 1778 548 1856 dissecta,
571 1780 681 1841 haecce
696 1746 734 1840 iri
756 1778 829 1842 loco
853 1779 948 1840 fracto
970 1779 1166 1861 partibusque
1188 1780 1325 1860 proxime
1338 1779 1547 1857 adjacentibus
1564 1789 1683 1863 reperta
1694 1793 1772 1846 sunt.

172 1904 217 1964 Os
227 1902 333 1983 paullo
345 1903 422 1964 intra
433 1902 563 1964 medium
575 1904 638 1965 lere
650 1921 667 1964 a
679 1908 852 1966 transverso
865 1904 991 1964 tractum
1003 1908 1081 1976 erat;
1101 1923 1172 1984 pars
1184 1903 1309 1965 nterim
1320 1904 1508 1984 superiorem
1519 1907 1775 1986 superscaudabat

172 2035 263 2110 atque
284 2027 316 2088 in
339 2029 405 2106 ejus
426 2027 527 2088 latare-
545 2025 890 2090 anterioreetinteriore
912 2026 1038 2106 jacebat,
1061 2026 1162 2108 quain
1174 2026 1326 2107 positione
1338 2025 1472 2108 capsula,
1496 2047 1585 2111 qnam
1603 2031 1675 2109 dixi,
1695 2031 1768 2112 frag·

172 2157 272 2214 manta
294 2151 531 2214 continebantur.
577 2152 652 2214 Pars
675 2151 765 2230 hujus
784 2150 930 2231 capsulae
953 2151 1087 2212 anterior
1115 2157 1204 2232 atque
1233 2149 1359 2212 interior
1385 2152 1553 2232 composita
1582 2159 1647 2214 erat
1674 2174 1691 2216 e
1721 2175 1774 2237 pe-

172 2275 285 2338 riosteo
314 2282 345 2337 et
366 2275 460 2337 tescia
481 2275 607 2352 crurali,
630 2273 937 2337 crassioribuslactis
965 2281 1053 2356 atque
1076 2273 1154 2336 inter
1175 2293 1208 2336 se
1239 2274 1375 2336 connatis
1398 2280 1443 2359 t.
1468 2274 1529 2361 d.),
1552 2279 1705 2358 posterior
1732 2281 1775 2341 el·

173 2399 243 2462 licta
264 2407 329 2462 erat
349 2399 458 2480 partim
480 2399 625 2461 musculis
647 2398 794 2461 induratis
817 2404 906 2480 atque
929 2396 1041 2459 ambitu
1064 2397 1168 2474 aucis,
1191 2397 1299 2478 partim
1310 2399 1463 2478 periostao
1483 2400 1602 2483 telaque
1620 2399 1776 2482 cellulose,
1822 2443 1825 2458 .

173 2524 274 2588 itidem
297 2523 493 2587 exsudatione
522 2523 689 2584 tumefactis
712 2521 771 2606 (s).
815 2521 987 2584 Substantia
1006 2521 1163 2604 -quaedam
1193 2521 1308 2598 stollis,
1331 2523 1512 2600 rubicunde,
1534 2524 1615 2588 vasis
1644 2527 1777 2607 copiosis

174 2649 334 2725 matructa,
356 2667 373 2709 e
396 2646 538 2728 capsulae
567 2646 730 2727 parietibus
762 2645 792 2706 in
821 2645 1025 2720 intervallum,
1055 2645 1138 2726 quod
1167 2645 1308 2706 intererat
1337 2646 1415 2708 inter
1444 2649 1622 2727 fragmenta,
1646 2651 1778 2716 immissa

175 2779 239 2835 arat
261 2771 332 2856 (a).
376 2772 460 2832 llaec
482 2769 657 2848 substantia,
679 2787 769 2849 quam
792 2768 984 2829 Brescbet
1005 2769 1085 2828 baud
1108 2768 1208 2846 inepte
1230 2766 1489 2831 substantiam
1511 2771 1778 2836 intermediam

174 2895 362 2971 nominavit,
379 2894 410 2956 iu
433 2899 536 2954 canno
566 2891 690 2954 mollior
719 2897 797 2968 erat,
819 2891 882 2952 iere
912 2891 1094 2972 gelatincsa,
1116 2889 1269 2954 colorise
1297 2892 1383 2952 lrrsco
1414 2892 1513 2969 rubri,
1536 2894 1700 2974 pellucida;
1724 2897 1777 2959 sed

176 3037 275 3082 tamen
305 3018 353 3080 bic
385 3036 507 3098 quoqne
530 3015 644 3098 passim
665 3021 740 3078 iasa
761 3013 924 3094 injectione
946 3015 1062 3095 repleta
1085 3013 1405 3077 animadvertebantur.
1450 3017 1485 3079 lu
1507 3017 1564 3078 baa
1587 3017 1677 3098 igitur
1706 3039 1779 3101 cap-

176 3143 257 3219 sula,
279 3161 296 3204 e
318 3140 454 3224 partibus
483 3140 625 3202 mollibus
653 3147 742 3221 atquc
771 3139 937 3202 substantia
964 3158 1059 3215 nova,
1082 3157 1160 3220 quae
1191 3158 1294 3200 earum
1322 3138 1554 3202 inflammatione
1578 3149 1684 3204 exorta
1706 3152 1778 3221 erat,

178 3269 313 3341 formata,
335 3265 568 3345 fragmentorum
592 3263 675 3341 lines,
698 3263 798 3326 iasno
821 3269 947 3344 uterque
970 3261 1055 3344 qnasi
1078 3261 1211 3324 claustro
1231 3261 1387 3342 J'acebant:
1410 3263 1576 3327 substantie
1598 3265 1651 3327 illa
1669 3268 1778 3344 mollis,

178 3411 255 3475 quae
278 3409 295 3454 e
316 3389 389 3453 tubo
413 3387 571 3452 medullari
593 3389 744 3468 prolecta,
766 3373 1019 3449 laciem'sractam
1043 3386 1208 3482 ingruenti,
1222 3387 1387 3467 superioris
1417 3386 1589 3468 obtegebat,
1612 3411 1681 3452 cum
1709 3392 1780 3454 sub·

178 3516 286 3580 simlia
307 3512 483 3577 intermedia
501 3513 608 3591 juncta
630 3521 704 3589 erat,
727 3511 852 3593 ipsaque
875 3511 1051 3591 superficies
1069 3510 1194 3572 extremi
1210 3511 1303 3587 tracti,
1326 3513 1550 3577 ceterumbaud
1567 3521 1686 3590 mutata,
1709 3515 1781 3578 sub-

178 3639 288 3703 stantia
307 3637 388 3702 vasis
411 3636 581 3700 abundante
604 3635 797 3716 interposita,
820 3655 889 3697 cum
912 3635 1035 3715 capsula
1065 3633 1258 3708 cohaerebam
1281 3633 1430 3696 interioris
1452 3653 1526 3697 vcro
1549 3637 1705 3716 fragmenti
1728 3658 1780 3699 ex-

180 3771 307 3826 nemum
328 3779 453 3844 prorsus
476 3759 604 3821 liberum
626 3759 659 3820 iu
681 3757 807 3839 capsula
830 3757 987 3836 injacebat,
1012 3764 1099 3838 etque
1121 3777 1160 3818 ne
1182 3755 1351 3818 substantia
1372 3756 1493 3837 quidem
1516 3757 1576 3832 illa,
1600 3779 1637 3818 ex
1650 3761 1781 3821 medulla

180 3889 242 3950 lere
264 3905 384 3967 semper
404 3881 566 3965 prosiliens
589 3889 619 3944 et
641 3901 710 3942 cum
732 3881 856 3962 capsula
879 3899 1087 3954 concrescens,
1109 3880 1223 3941 aderat.
1267 3879 1371 3942 Parias
1394 3878 1536 3960 capsulae
1564 3880 1780 3945 internusaub·

180 4011 288 4074 amatia
308 4007 484 4085 rubicunda,
508 4005 605 4088 qualis
628 4005 660 4067 in
682 4010 786 4067 centro
809 4003 968 4082 intermlli,
1003 4003 1085 4085 quod
1108 4003 1230 4065 interest
1251 4002 1329 4064 inter
1350 4003 1523 4093 fragmenta,
1546 4004 1703 4083 invenitur,
1726 4027 1781 4070 irn-

181 4135 271 4218 dique
293 4131 512 4206 obducebatur;
534 4129 704 4212 superficiei
727 4128 805 4192 ossis
827 4127 993 4192 substantia
1015 4126 1228 4208 superinducta
1257 4125 1421 4206 apparebat
1443 4146 1460 4188 e
1489 4127 1657 4191 rubicundo
1690 4131 1782 4193 lieve-

181 4277 283 4334 scens,
305 4256 415 4333 mollis,
436 4275 511 4318 vasa
532 4274 596 4317 nou
618 4254 775 4326 exbibenm
798 4251 854 4314 sub
878 4271 914 4316 ea
935 4253 1033 4336 ipsum
1057 4271 1094 4314 os
1114 4250 1261 4331 glabrum,
1284 4269 1341 4312 nec
1363 4249 1437 4312 alias
1460 4257 1613 4313 numurus

340 4379 419 4442 Satis
442 4376 550 4459 procul
573 4396 591 4440 a
614 4377 797 4460 uurgirribus
818 4378 968 4438 iraemrae
991 4395 1009 4436 e
1032 4384 1096 4438 toto
1120 4374 1231 4437 ambitu
1261 4372 1340 4434 ossis
1362 4371 1431 4434 calli
1454 4373 1537 4436 initia
1565 4375 1647 4437 baud
1674 4379 1783 4459 exigua

182 4505 351 4590 prosiliunt,
373 4521 450 4584 quae
473 4521 510 4562 ea
533 4507 633 4582 parte,
655 4521 715 4583 que
737 4500 897 4582 incipiunt,
920 4498 1028 4561 oculos
1051 4499 1113 4559 lere
1135 4497 1265 4576 lugiunt,
1297 4495 1408 4558 sensim
1435 4516 1524 4575 vero,
1559 4497 1629 4562 dum
1657 4503 1781 4582 propios

182 4630 221 4694 ad
243 4627 392 4707 margines
414 4626 562 4688 tracturae
586 4624 745 4702 accedunt,
767 4623 879 4690 ambitu
903 4628 1081 4706 augescunt,
1104 4640 1140 4683 ac
1170 4618 1303 4702 margine
1326 4619 1435 4684 obtuso
1465 4621 1615 4686 liniuntur.
1669 4623 1781 4700 Callus,

182 4772 243 4837 qua
265 4749 376 4830 incipit,
399 4755 481 4809 arcte
502 4746 673 4826 superficiei
686 4747 763 4809 ossis
787 4747 936 4824 adhaeret,
958 4745 1120 4827 locumque
1137 4743 1257 4819 indicat,
1279 4744 1536 4826 quoperiosteum
1552 4743 1615 4806 ossi
1641 4745 1782 4808 adustum

183 4880 382 4948 remanseram
404 4871 532 4953 propius
553 4887 628 4933 vero
650 4887 756 4932 versus
779 4871 942 4934 tracturam
964 4871 1002 4934 ab
1025 4887 1095 4933 osse
1123 4867 1218 4949 magis
1249 4867 1352 4946 dalet,
1375 4873 1463 4950 atque
1492 4867 1684 4933 solummodo
1714 4889 1782 4932 cum

1410 4983 1452 5053 17
