4856 5896
1034 585 1084 661 71

732 884 758 948 1.
804 881 930 946 acrio
947 880 1200 948 s'osntnttvs
1223 882 1372 946 AUGTA.

396 1003 401 1010 ’
466 1005 495 1068 l.
542 1007 836 1088 Hypertropbia
856 1007 1023 1088 simplex
1047 1006 1151 1069 telae
1173 1025 1326 1082 osseam
1353 1008 1646 1090 Hyperostosis.

410 1165 485 1226 Tela
507 1166 596 1227 unius
618 1165 668 1227 vel
691 1165 823 1248 plurium
845 1165 959 1228 ossium
982 1166 1024 1226 ita
1046 1165 1080 1227 tit
1106 1165 1242 1241 densior,
1275 1173 1309 1227 ut
1340 1164 1435 1228 cellae
1464 1167 1648 1230 substantiae
1676 1171 1860 1254 spongiosae

252 1289 457 1353 diurirruantur
477 1289 526 1350 vel
549 1307 677 1370 prorsus
700 1289 872 1370 dispareant
894 1309 1058 1371 earumque
1079 1289 1111 1352 in
1132 1289 1234 1351 locum
1256 1309 1356 1352 massa
1378 1289 1560 1355 substantiae
1583 1293 1762 1372 corticosae‚
1786 1297 1858 1378 quin

252 1412 358 1476 ebumi
380 1411 485 1475 similis
508 1411 607 1487 cedat;
630 1411 791 1475 canaliculi
813 1411 845 1475 in
867 1411 1033 1475 substantia
1056 1417 1213 1493 compacta
1235 1399 1336 1474 itidem
1359 1413 1491 1477 minores
1513 1415 1589 1480 firma
1611 1435 1647 1479 ac
1664 1417 1773 1498 partim
1786 1437 1858 1481 eva-

252 1541 507 1613 usamentum
518 1535 671 1612 volumen,
685 1535 740 1598 sed
753 1536 820 1599 sola
835 1536 967 1599 densitas
980 1536 1095 1599 ossium
1110 1543 1263 1615 augeatur.
1285 1535 1372 1600 Alias
1388 1537 1421 1600 tit
1435 1537 1532 1616 etiam,
1545 1545 1579 1602 ut
1592 1557 1663 1602 oasa
1678 1541 1789 1604 ambitu
1807 1541 1855 1604 vel
1901 1525 1908 1539 ⁸

251 1659 448 1724 crassitudine
470 1665 650 1740 augeantur,
681 1659 752 1722 dum
774 1665 925 1723 structura
946 1678 1055 1740 parma
1076 1665 1284 1736 commutatur,
1306 1659 1356 1722 vel
1379 1661 1509 1725 solutior
1529 1663 1578 1740 fit,
1599 1662 1650 1727 vel
1673 1663 1802 1748 deniqne
1824 1667 1855 1730 in

251 1785 390 1847 dinitiem
411 1783 574 1846 eburneam
597 1782 667 1848 abit.
713 1784 855 1846 Omnium
882 1782 1059 1865 saepissime
1086 1783 1163 1846 baec
1189 1784 1405 1865 bppertropbia
1433 1785 1464 1847 in
1494 1787 1599 1849 cranio
1622 1785 1680 1872 (l)
1709 1789 1774 1850 visa
1801 1795 1855 1866 est,

251 1911 379 1971 rrraxinre
401 1909 433 1970 in
454 1907 640 1984 bominibus,
669 1907 720 1990 qui
742 1907 895 1988 sanguinis
919 1906 1163 1987 congestionibus
1184 1926 1292 1970 versus
1314 1915 1406 1990 caput
1426 1909 1527 1971 vexati
1550 1911 1681 1988 fueraut,
1712 1920 1745 1974 ut
1767 1931 1853 1974 vesa-

246 2034 295 2094 nis
318 2030 379 2116 (⁸2).
426 2027 686 2115 blalpiglriGi)
710 2029 869 2111 descripsit
890 2035 990 2111 caput,
1013 2033 1100 2109 cnjus
1112 2030 1213 2091 omnia
1235 2051 1313 2108 ossa,
1337 2039 1397 2092 tarn
1420 2034 1514 2094 cranii
1537 2053 1628 2116 quaur
1651 2034 1747 2112 faciei,
1769 2055 1853 2098 cras-

248 2157 330 2218 siora
352 2157 430 2217 iacta
453 2162 484 2216 et
504 2173 690 2216 marmoreae
713 2152 841 2229 duritiei,
865 2161 1023 2234 aperturae
1045 2153 1126 2215 vasis
1148 2153 1383 2216 trarmnrittcndis
1405 2155 1570 2218 destinatae
1582 2155 1713 2234 clausae,
1735 2165 1852 2222 meatus

250 2279 416 2342 auditorius
446 2286 587 2340 exiemus
616 2278 680 2339 iere
710 2275 900 2355 obliteratus,
928 2297 1034 2338 cavum
1058 2275 1185 2337 orbitate
1205 2284 1235 2337 et
1257 2278 1392 2339 toramen
1415 2297 1557 2358 magnum
1579 2286 1731 2342 coarctata
1753 2289 1854 2355 erant;

249 2402 417 2465 crassitudo
441 2401 600 2472 inesutura
621 2398 813 2462 lambdoidea
836 2408 900 2462 erat
921 2397 975 2460 lin.
997 2397 1123 2472 8-143
1147 2400 1267 2479 pondus
1290 2372 1381 2462 totius
1404 2401 1514 2478 cranii,
1544 2404 1632 2481 cujus
1655 2403 1778 2464 maxilla
1801 2423 1852 2466 su-

247 2527 349 2607 perior
371 2525 536 2601 deiiciebat,
564 2523 688 2586 maxilla
708 2524 851 2586 inferiore
873 2523 982 2585 rationi
1004 2541 1067 2585 non
1089 2523 1187 2600 illata,
1215 2522 1360 2584 librarum
1389 2533 1436 2586 est
1458 2524 1571 2587 decern.
1625 2526 1777 2606 Scarpa
1801 2526 1853 2610 (d)

246 2650 427 2712 mentionem
448 2649 544 2727 injicit
566 2647 659 2709 cranii
680 2647 766 2727 pueri
790 2664 938 2708 annorum
961 2645 1074 2721 decern,
1097 2643 1322 2726 lrydrocephalo
1345 2647 1468 2722 mortui,
1496 2649 1536 2708 in*
1551 2667 1612 2729 quo
1635 2649 1763 2725 trontis,
1787 2651 1850 2712 sin*-

245 2774 343 2854 cipitis
365 2780 396 2834 et
417 2770 553 2850 accipitis
577 2787 655 2845 ossa,
674 2770 754 2830 ultra
775 2788 865 2851 quarn
887 2768 954 2849 quis
976 2773 1075 2828 mente
1098 2767 1230 2846 cogitare
1253 2767 1358 2846 possit,
1381 2787 1514 2848 expansa
1537 2771 1704 2832 crassitiem
1726 2773 1847 2832 exhibe-

242 2895 317 2958 bant
339 2893 458 2976 polliois
480 2893 542 2955 lere
564 2892 667 2964 unius;
691 2892 807 2953 interna
830 2890 943 2954 ossium
966 2889 1126 2970 superficie
1148 2887 1223 2950 sulci
1247 2889 1422 2952 arteriarum
1445 2890 1538 2952 durae
1561 2893 1663 2953 niatris
1687 2894 1850 2973 ampliores

246 3027 339 3094 erant,
370 3036 461 3100 quam
482 3017 648 3079 secundum
670 3009 823 3092 normam,
850 3031 984 3095 vasaque
1006 3012 1129 3075 dilatata
1150 3012 1243 3072 misse
1267 3012 1519 3076 demonstrabant
1564 3015 1601 3076 ln
1630 3033 1740 3078 museo
1770 3023 1848 3082 anat.

218 3141 443 3216 ·Berolincnsi‚
465 3141 547 3222 quod
570 3157 686 3202 summa
709 3138 823 3200 ossium
846 3137 1060 3199 morbosorurn
1083 3136 1172 3215 copia
1194 3134 1311 3215 gaudet,
1334 3134 1467 3198 cubitum
1488 3137 1550 3200 vidi
1581 3137 1721 3218 ankylosi
1744 3141 1849 3220 spuria

249 3273 431 3340 concretum,
455 3283 532 3345 qnae
555 3267 660 3324 exorta
682 3261 779 3322 luerat
801 3259 908 3340 insigni
930 3259 1131 3340 productione
1161 3260 1208 3319 vel
1232 3259 1449 3340 lrypertropbia
1477 3279 1639 3341 processus
1670 3263 1847 3324 coronoidei

247 3391 336 3452 ulnae
358 3396 388 3451 et
410 3385 552 3461 oleerani,
575 3385 684 3467 quibus
705 3387 736 3446 in
759 3383 900 3446 cavitates
921 3382 1037 3444 lnrmeri
1060 3382 1200 3445 immissis
1223 3385 1286 3445 iere
1309 3384 1406 3445 orrruis
1429 3390 1529 3446 rnotus
1559 3384 1707 3448 cohibitus
1737 3387 1847 3461 menate

244 3521 369 3595 uterque
391 3529 568 3591 processus,
597 3507 762 3570 secundum
784 3505 1001 3588 longitudinem
1023 3525 1107 3568 serra
1128 3505 1229 3567 medio
1252 3505 1395 3568 discissus
1418 3508 1497 3568 intus
1521 3514 1714 3584 structuram,
1743 3510 1846 3590 quoad

244 3639 364 3721 quidem
386 3635 417 3696 iu
441 3633 559 3696 ossibus
582 3631 701 3693 siccatis
724 3631 847 3711 agnosci
870 3637 977 3711 potest,
1001 3649 1020 3692 a
1042 3649 1149 3691 norma
1171 3648 1297 3709 prorsus
1320 3648 1382 3690 non
1404 3631 1594 3692 recedentem
1617 3632 1782 3694 cxliibebat.
1803 3665 1844 3680 -

242 3832 562 3854 affl*-

402 3931 445 4006 (l)
465 3935 658 4003 ltlorgagni,
677 3933 710 3981 de
728 3932 783 3984 sed.
802 3939 828 3982 et
847 3945 919 3983 caus.
938 3931 1022 3981 morli.
1043 3929 1119 3993 epist.
1139 3927 1473 3992 111‚ars.²;xw,so;
1499 3931 1612 3993 xxvii,
1628 3929 1661 3990 23
1685 3933 1718 3994 L,
1738 3932 1782 3986 1².
1810 3955 1845 3972 .-

242 4028 391 4092 lluysclr,
409 4039 477 4076 iners.
495 4031 575 4086 anat,
594 4039 618 4086 p.
637 4023 673 4071 99
692 4027 718 4070 et
737 4019 798 4074 1⁰4.
818 4043 850 4056 ·-
870 4019 1065 4080 Sandiiort,
1083 4033 1151 4069 mars.
1170 4023 1242 4070 anst.
1277 4018 1335 4070 Vol.
1356 4019 1392 4080 ll,
1410 4018 1476 4072 rar..
1492 4017 1520 4066 Χ
1537 4018 1569 4066 ad
1588 4019 1667 4070 xm.
1689 4043 1719 4053 -
1745 4021 1843 4070 liser-

244 4113 368 4178 lraase,
386 4114 468 4178 prael.
486 4113 520 4160 ad
538 4115 602 4162 inst.
620 4113 646 4172 ς.
665 4109 727 4173 tu,
745 4124 804 4158 ossa
821 4107 904 4158 cranii
923 4113 1107 4156 eornmemorat
1126 4105 1274 4169 quadruplo
1293 4108 1419 4156 crassiora
1446 4121 1524 4168 quam
1550 4107 1696 4156 seeundum
1713 4117 1842 4172 naturam,

242 4207 353 4274 fungosa
370 4204 458 4252 auteln
478 4209 539 4266 tota,
557 4209 589 4250 ut
606 4201 737 4266 pumicem
756 4199 934 4248 referrent-
954 4197 1118 4258 Cloquet,
1135 4188 1211 4261 (dict.
1231 4195 1276 4242 des
1294 4211 1330 4248 ae.
1349 4195 1428 4256 me'dt,
1446 4201 1494 4245 art.
1515 4202 1631 4242 exustose
1650 4211 1676 4258 p.
1695 4194 1760 4260 41³)
1786 4211 1841 4246 era·

243 4297 280 4343 nii
299 4294 460 4342 mentionem
478 4291 540 4338 toea
558 4289 729 4338 crassitudine
749 4284 815 4352 liu,
834 4293 911 4348 atque
928 4285 1014 4332 addit:
1034 4285 1113 4339 ,alans
1132 4298 1163 4331 oe
1181 4298 1223 4332 eas
1242 4283 1282 4331 les
1298 4283 1420 4332 lamelles
1437 4283 1482 4343 qui
1502 4281 1614 4330 iorrnent
1633 4281 1842 4334 ordinairernent

241 4383 269 4432 le
286 4383 351 4431 tisau
369 4380 547 4442 diplottique,
572 4377 671 4426 etaient
695 4375 745 4424 trba
769 4373 884 4436 geneses
903 4380 929 4421 et
946 4371 1154 4435 representuient
1173 4378 1264 4420 nutant
1288 4370 1321 4419 de
1344 4369 1529 4432 mutilatione
1551 4383 1669 4420 osseuaes
1698 4373 1841 4436 arrondies‚

239 4472 347 4521 reunies
364 4485 411 4534 por
428 4469 473 4514 des
492 4467 610 4514 illamens
628 4469 730 4516 tenus?

402 4551 442 4618 (2)
461 4555 555 4618 ⁰¹!02
579 4553 675 4614 patbol.
695 4551 841 4603 dnotomie.
868 4547 960 4597 Berlin
980 4545 1058 4599 18³0.
1088 4547 1136 4599 ltu.
1158 4547 1178 4608 l,
1203 4561 1228 4607 p.
1249 4543 1310 4597 159.
1348 4567 1382 4580 -
1418 4543 1583 4608 Gred'iug,
1607 4547 1677 4600 med.
1698 4545 1840 4613 Sobriiten,

240 4645 339 4705 Greita,
359 4641 438 4692 lim.
456 4665 492 4675 -
510 4641 541 4689 ll.
560 4639 652 4702 Bell,
670 4639 784 4708 dbbdig.
803 4637 870 4687 tiber
887 4637 913 4688 d.
932 4635 1053 4686 liranlrb.
1072 4635 1097 4683 d.
1115 4635 1255 4682 Knoeberr.
1273 4635 1305 4684 Α.
1324 4633 1350 4688 d.
1369 4631 1448 4702 fingi.
1473 4631 1596 4682 Weirnar
1614 4633 1693 4686 1⁰³1.
1713 4653 1738 4698 p.
1757 4635 1802 4687 69.

402 4725 443 4794 (3)
460 4727 650 4791 lllalplglri,
668 4745 710 4790 op.
728 4727 812 4790 postb.
831 4739 859 4787 p,
876 4726 921 4778 tlt.

403 4813 444 4882 (4)
463 4817 586 4880 Searpa
606 4816 625 4867 l.
643 4832 667 4864 e.
686 4831 708 4877 p.
729 4816 774 4868 69.
792 4841 827 4851 -
853 4817 889 4862 0s
908 4812 1037 4875 sincipitis
1056 4813 1165 4872 gigantis
1184 4825 1200 4859 a
1219 4809 1356 4874 nupsere
1375 4803 1456 4878 (anas.
1476 4819 1544 4862 anat.
1563 4826 1589 4874 p.
1609 4805 1655 4872 ss)
1673 4809 1840 4875 descriptam,

241 4925 308 4970 .tam
326 4909 488 4976 prodigiosae
506 4903 700 4965 magnanimioris,
719 4911 748 4951 ut
765 4905 866 4962 integra
884 4903 998 4949 borrrinis
1017 4901 1094 4963 raptu
1114 4915 1159 4961 pru
1179 4898 1255 4966 galea
1273 4899 1399 4946 inservire
1417 4903 1525 4960 possed,
1545 4913 1596 4946 nun
1613 4897 1667 4946 alia
1685 4899 1786 4947 ratione
1805 4901 1838 4946 ad

242 5005 314 5052 bunc
331 4999 459 5050 ambitum
481 4994 582 5042 rialetnr
599 4992 751 5052 accrevisse,
770 5004 821 5037 nee
840 4989 925 5036 intuere
944 4990 1013 5037 iliud
1031 5005 1135 5052 quaequae
1153 4986 1396 5054 emeriuminsignia
1406 4987 1605 5048 magnitudinis,
1623 5000 1638 5032 a
1653 4983 1838 5036 Sanditun
