4768 5894
813 575 1027 652 '2⁰1

183 786 289 869 soopii*
305 805 366 868 ope
386 783 785 868 stroomramdisqulreado
800 759 933 864 vprorsus
955 782 1082 848 similem
1103 782 1315 868 uogqosnirms
1337 783 1520 848 subeundae
1537 786 1788 865 granulationm

179 896 500 994 quales-inpartibus
522 907 664 972 mullibus
685 913 765 984 sunt,
785 925 885 990 neque
905 925 982 970 veru
1003 906 1186 987 cartilaginis
1207 907 1334 986 ossium,
1355 927 1446 990 quam
1468 907 1597 974 inveniri
1619 917 1783 992 oporteret,

180 1034 210 1096 si
230 1050 287 1115 pro
308 1033 372 1096 tela
394 1040 483 1096 osseo
505 1030 654 1106 emollita,
687 1031 716 1094 lt.
739 1049 767 1094 e.
797 1031 933 1112 parb'bns
966 1031 1072 1094 terreis
1095 1030 1225 1110 prium,
1258 1031 1333 1094 baec
1364 1031 1504 1093 materies
1532 1031 1676 1096 habenda.
1699 1043 1786 1098 esset.

173 1155 293 1238 ltaque
314 1155 439 1237 perinde
463 1161 558 1238 atque
575 1165 665 1218 mune
686 1153 928 1234 motionum
951 1171 1054 1236 genrn,
1077 1172 1182 1218 recens
1205 1171 1272 1216 earn
1293 1155 1418 1216 formari
1441 1153 1625 1219 credendum
1647 1163 1707 1230 esu
1735 1159 1786 1220 oni

179 1279 319 1361 opinioni
341 1280 429 1342 edant
452 1277 507 1340 illa
525 1280 594 1356 ejus
615 1284 733 1352 maun,
755 1295 834 1359 quae
853 1276 966 1340 seriori
984 1282 1121 1378 berppore
1145 1276 1251 1352 existit,
1275 1277 1384 1340 eximie
1403 1278 1494 1340 fovet

206 1435 208 1439 ·
317 1451 321 1458 .
341 1403 473 1483 Tempus
496 1401 545 1469 od
558 1399 772 1481 perficiendam
792 1399 1240 1480 separationemnccesseriurn
1261 1419 1407 1482 perquam
1434 1401 1549 1462 varium
1574 1409 1619 1464 est
1642 1422 1699 1483 pro
1723 1423 1785 1465 am-

179 1525 244 1588 bien
265 1525 411 1602 neerosiq
433 1543 491 1606 pro
513 1531 612 1586 aetate
633 1529 724 1606 atque
745 1522 912 1586 differentia
933 1522 1012 1585 ossis
1035 1521 1142 1586 adecti
1186 1523 1220 1584 ln
1243 1523 1415 1594 universum
1438 1542 1504 1585 earn
1527 1525 1605 1586 intre
1626 1523 1671 1588 20
1689 1526 1728 1586 ad
1741 1523 1785 1590 50

179 1647 300 1711 dierum
319 1648 449 1729 spatium
471 1646 696 1728 periecmniri
719 1646 888 1727 exspectari
906 1645 990 1708 liceb
1034 1646 1069 1706 ln
1092 1645 1211 1708 duobus
1234 1645 1336 1711 lelium
1360 1647 1466 1710 catulis
1489 1647 1585 1711 multo
1608 1649 1697 1710 edarn
1721 1670 1784 1711 rna-

179 1772 284 1847 turius‚
307 1772 338 1832 in
361 1770 457 1834 altero
480 1770 560 1832 intre
583 1769 647 1832 dies
670 1769 840 1845 duodecim,
861 1768 892 1832 in
915 1767 1011 1833 altero
1026 1767 1105 1832 intra
1129 1767 1365 1850 quatuordeeim,
1386 1771 1611 1849 perieotuerat3
1634 1773 1665 1834 iu
1687 1774 1783 1836 ritulo

178 1913 217 1958 cs
238 1900 407 1957 emortuum
429 1893 460 1956 in
482 1893 565 1974 pede
578 1895 645 1972 jam
659 1899 736 1973 post
751 1891 962 1973 septendecim
985 1891 1049 1954 dies
1071 1892 1187 1954 moveri
1216 1897 1349 1972 potent,
1378 1911 1528 1975 musque-
1546 1895 1699 1972 necrosis,
1722 1896 1783 1958 dis-

178 2016 340 2107 quisitione
362 2017 455 2097 partis
478 2023 541 2078 urm
558 2017 705 2093 -institrrtt,
726 2021 762 2078 nt
781 2015 909 2091 videtur,
931 2021 1036 2078 exerta
1059 2025 1129 2095 post
1150 2021 1266 2094 septem
1292 2017 1357 2092 jem
1386 2016 1452 2078 dies
1480 2019 1701 2097 separationem
1723 2020 1783 2080 lato

180 2139 571 2222 progressam-ostendebat
593 2139 721 2214 (unu.
743 2139 869 2218 mag.
894 2138 923 2200 l.
946 2138 1003 2212 b.).
1056 2138 1170 2201 Contra
1192 2137 1223 2200 in
1247 2138 1344 2218 capite
1368 2139 1503 2216 ejusdem
1527 2140 1612 2202 vituli
1635 2161 1671 2204 os
1694 2161 1781 2222 prae·

179 2263 317 2346 terlapsis
340 2263 448 2328 diebus
468 2262 571 2343 viginti
594 2262 727 2344 quinque
754 2261 871 2324 moveri
899 2261 1033 2324 nondum
1064 2265 1184 2340 poterat
1212 2267 1258 2333 (r.
1281 2260 1341 2330 nn.
1364 2261 1415 2322 lll.
1439 2263 1460 2323 t.
1482 2260 1546 2338 2.);
1580 2271 1682 2326 seoalo
1713 2283 1782 2328 osse
1877 2255 1882 2260 ⁵

179 2387 236 2450 sub
249 2387 380 2450 1nmelt·
400 2393 539 2450 emortua
568 2386 633 2463 (b).
649 2385 685 2450 in.
709 2385 836 2450 circuitu
866 2384 987 2466 quidem
1015 2385 1056 2464 (c.
1070 2383 1105 2464 d)
1137 2382 1303 2446 substantia
1330 2383 1384 2446 illa
1405 2385 1523 2462 mollis,
1561 2387 1667 2464 rubra,
1701 2390 1781 2452 vasis

177 2511 335 2574 abundans
358 2509 611 2590 conspiciebatur,
644 2508 675 2570 in
705 2507 806 2570 medio
834 2526 910 2572 vero
938 2525 974 2570 os
996 2507 1097 2570 vivum
1120 2513 1209 2588 atque
1236 2511 1405 2570 emortuum
1432 2508 1595 2572 mrissime
1618 2511 1715 2573 adhuc
1736 2513 1783 2572 in-

178 2640 225 2696 ter
246 2653 281 2697 se
302 2635 465 2712 eonjuneta
487 2639 581 2694 eraut
624 2631 661 2694 ln
683 2631 893 2692 cunicuhrunr
914 2648 978 2692 erne
1000 2628 1151 2708 separatio
1180 2637 1251 2710 post
1266 2631 1409 2711 ,quinque
1440 2632 1528 2693 etiam
1557 2651 1674 2695 meuses
1705 2654 1782 2697 uon-

178 2757 250 2818 dnrn
280 2758 361 2818 fanu
374 2761 478 2826 :eret·‚.
493 2755 592 2816 *inmo
620 2750 759 2831 exempla
785 2757 923 2831 prosunt
949 2750 1151 2812 extolintionis
1177 2749 1210 2810 in
1241 2751 1412 2814 hominibus
1441 2754 1537 2815 multo
1568 2757 1655 2817 ocimu
1685 2758 1781 2820 sefius

177 2883 425 2942 consummma'
457 2875 511 2940 Sic
528 2873 649 2938 lllein
664 2873 717 2949 (l)
740 2891 843 2936 nasum
865 2871 1024 2953 descripsit
1051 2871 1205 2947 necrosire,
1228 2889 1264 2934 os
1287 2872 1396 2935 iroeds
1416 2875 1544 2936 deminae
1567 2896 1713 2938 annorum
1736 2879 1781 2942 69

177 3001 351 3076 obsidentis,
373 3000 405 3062 in
428 3018 489 3082 quo
511 3004 583 3080 post
603 2996 647 3060 Ὦ
671 2998 792 3062 denum
812 3012 932 3060 menses
954 3013 991 3058 os
1013 3001 1183 3058 emortuum
1205 2995 1339 3058 secessit

293 3167 297 3181 .
337 3125 506 3205 Quaeilroc
527 3122 599 3184 loco
623 3121 660 3184 de
681 3119 802 3184 neoresi
823 3117 1006 3200 superficiali
1028 3123 1117 3199 atque
1138 3118 1251 3180 viribus
1274 3119 1412 3182 externis
1427 3119 1533 3182 odedu
1555 3123 1780 3202 expositasuug

176 3248 301 3311 omnino
323 3246 363 3310 de
385 3247 490 3329 quevis
510 3245 633 3330 neerosi
653 3244 769 3320 valeut5
798 3263 876 3325 quae
899 3241 1156 3324 qualibuscunque
1174 3260 1216 3304 ex
1239 3241 1338 3304 musis
1361 3249 1510 3320 ortaest,
1540 3245 1604 3308 sire
1622 3253 1780 3310 externam

174 3372 242 3436 slve
263 3371 409 3436 neuneu
432 3370 512 3434 ossis
533 3368 722 3449 suoerfioiem
743 3372 833 3445 tenet,
855 3334 919 3430 sire
941 3371 1037 3430 tubiro
1060 3365 1138 3428 ossis
1161 3365 1303 3428 ambitum
1331 3365 1395 3429 sive
1423 3373 1539 3447 partem
1560 3375 1676 3447 tanum
1698 3371 1779 3434 obsi.

178 3495 236 3572 det,
258 3494 362 3556 eadem
385 3511 506 3574 semper
526 3492 557 3553 in
579 3491 774 3554 extollatioue
796 3489 915 3553 exhibet
936 3489 1161 3569 phaenomena,
1183 3497 1213 3551 et
1241 3496 1388 3570 perpetuo
1411 3497 1550 3571 separatu
1572 3494 1677 3555 faciem
1701 3495 1779 3556 ossis

177 3614 435 3698 gratulationibus
458 3613 619 3678 obductam
641 3621 730 3696 alque
752 3630 810 3694 pus
832 3619 1035 3676 secernenteru
1059 3611 1209 3692 relinquit
1255 3612 1327 3674 Non
1350 3613 1439 3690 igitur
1469 3614 1607 3694 dubium,
1631 3617 1702 3696 quin
1725 3636 1777 3676 ue·

178 3741 274 3804 erosis
296 3738 535 3822 frequentissima
557 3737 783 3818 suppurationis
806 3735 920 3798 ossium
944 3713 1036 3795 causa
1058 3733 1194 3796 habenda
1216 3735 1262 3794 sit.

338 3861 468 3942 Cognita
484 3863 549 3939 jam
571 3860 696 3934 ratione,
718 3876 778 3938 qua
800 3857 831 3917 in
855 3855 990 3929 ossibus,
1024 3873 1201 3934 praegressa
1223 3855 1431 3930 extollatione,
1466 3856 1562 3916 oritur
1591 3861 1777 3938 suppuratio,

178 3987 217 4050 ad
239 3987 355 4051 rariora
377 3983 554 4046 accedamus
577 3981 715 4060 exempla
737 3977 947 4041 desudationis
970 3975 1156 4059 aliarumque
1178 3975 1345 4040 laesionum
1368 3975 1446 4038 telae
1468 3979 1583 4056 osseae,
1606 3981 1637 4042 in
1660 3983 1776 4063 quibus,

177 4127 240 4173 non
262 4108 392 4172 adhibita
414 4107 511 4189 primu
532 4104 693 4181 rennioue,
726 4101 843 4165 senode
873 4108 972 4163 tamen
1007 4101 1120 4181 absque
1149 4071 1344 4162 exiolietio'ne
1374 4099 1529 4164 nrsrrisesta
1558 4105 1691 4182 perlecta
1721 4113 1775 4168 est.

178 4237 317 4315 Quorum
350 4251 426 4313 quae
458 4231 613 4312 hucusque
643 4226 802 4290 observata
829 4232 913 4302 sunt,
946 4223 1075 4305 duplicis
1098 4233 1167 4316 sunt
1189 4223 1320 4304 generis:
1358 4231 1408 4286 eut
1431 4223 1510 4286 enim
1533 4227 1714 4288 contuendae
1738 4249 1776 4291 ex

176 4357 246 4437 ipso
267 4373 340 4420 cane
360 4353 529 4434 prosiliam,
551 4359 581 4414 et
602 4350 720 4415 sanatio
742 4347 866 4430 perinde
887 4367 926 4410 ae
947 4347 978 4408 in
1001 4347 1186 4427 simplicibus
1200 4346 1374 4406 vulneribus
1396 4347 1525 4424 partium
1544 4348 1681 4411 mollium
1704 4371 1776 4432 pro-

177 4479 273 4553 cedite
295 4483 354 4552 aut,
379 4474 513 4553 ossenil
536 4475 574 4534 ad
597 4494 663 4536 eam
686 4474 867 4547 conferente,
889 4470 1007 4551 sanatio
1030 4470 1070 4532 itu
1092 4467 1309 4556 perficiturqut
1330 4468 1479 4548 margines
1502 4468 1635 4535 vulneris
1658 4461 1775 4553 psu'lla.

176 4602 230 4664 tim
251 4617 343 4680 super
365 4617 402 4661 oe
424 4596 606 4658 denudatum
629 4563 802 4660 surenam
823 4592 1002 4674 tandemque
1024 4597 1118 4652 tobim
1142 4590 1293 4671 obtegant.

338 4719 371 4782 Si
393 4719 478 4801 prior
500 4713 665 4781 sanationis
687 4717 764 4780 ratio
788 4715 901 4795 incidit,
925 4735 960 4780 os
982 4713 1118 4788 oulprem
1140 4733 1229 4779 suum
1250 4698 1292 4778 ex
1310 4713 1644 4782 ubido-rubicundum
1668 4718 1775 4784 retinet

181 4878 498 4900 m

195 4980 199 4989 '
305 4957 378 5054 ν’(1)
398 4987 503 5035 Klein
522 4985 565 5037 in:
583 4961 609 5036 r.
629 4983 754 5032 Grauia
773 4958 842 5035 ele.
863 4948 1041 5032 walsted·
1058 4981 1181 5046 Journal,
1200 4989 1262 5036 ten.
1281 4981 1326 5034 tv,
1345 4997 1371 5046 p.
1390 4977 1434 5034 1⁵.

1359 5080 1404 5146 26
