4784 5894
985 541 1039 616 ut·

207 755 375 832 invexeris,
404 753 483 818 inter
503 771 538 818 se
559 753 772 836 comparandis
795 769 834 816 eo
863 752 995 836 deniipre
1021 753 1194 836 pervenies,
1222 759 1257 816 ot
1283 753 1371 834 signa
1400 743 1583 836 cognom,
1613 758 1721 840 qrubes
1747 759 1817 822 fiori
1848 723 1853 734 ²

207 878 313 961 possit,
335 887 369 940 nt
391 897 408 940 e
430 879 535 960 specie
558 885 682 942 externa
705 878 743 940 de
765 877 958 962 morlo,·qui
980 878 1084 956 misit,
1107 877 1242 960 colligas.

292 1045 295 1050 -
367 1000 446 1067 Fere
468 1004 500 1066 iu
522 1001 676 1078 omnibus,
706 1002 758 1084 qni
779 1003 839 1066 tac
860 1000 1010 1064 referendi
1038 1011 1121 1078 murt,
1149 1003 1276 1081 morbis,
1304 1009 1405 1066 mmor
1433 1012 1465 1066 et
1490 1011 1600 1085 postea
1630 1004 1815 1070 moenam

207 1129 352 1206 exoritu,
373 1129 455 1191 unde
478 1147 496 1190 a
518 1126 715 1208 scriptoribus
737 1126 888 1191 caunum
911 1127 1100 1190 mrbnomine
1124 1131 1314 1190 tumorum
1337 1128 1584 1191 cariosorum
1605 1137 1635 1194 et
1657 1138 1814 1192 exosto·

206 1253 307 1318 sium
325 1253 550 1334 promiscue
572 1255 644 1314 suot
664 1250 807 1332 descripti
830 1248 896 1336 (l).
942 1250 1174 1330 Distinguuntar
1201 1257 1254 1314 aut
1281 1270 1338 1332 pro
1362 1271 1462 1330 causa,
1480 1273 1575 1336 'quae
1601 1253 1726 1318 subesse
1753 1273 1812 1336 pu·

205 1377 342 1454 tahotur,
360 1377 393 1438 in
414 1395 582 1452 venereos,
605 1374 810 1452 soroiulosos,
832 1373 1022 1440 soorbulioos
1045 1381 1076 1438 et
1097 1375 1206 1438 similia
1229 1373 1302 1460 (2),
1324 1382 1376 1438 aut
1397 1395 1454 1456 pro
1477 1377 1706 1458 mutationibus,
1736 1397 1813 1462 quas

205 1500 372 1584 perpetitur
393 1499 559 1564 substantia
581 1516 685 1573 ossam
718 1497 761 1560 ita
783 1499 987 1562 Boerlrave
1011 1497 1064 1580 (3)
1092 1497 1205 1580 duplex
1227 1499 1414 1562 exostosiuur
1433 1519 1529 1581 genus
1550 1501 1709 1584 proponit,
1748 1502 1812 1582 pri-

204 1642 295 1701 mum,
318 1623 370 1687 ubi
392 1623 492 1686 solum
513 1623 698 1706 periosieum
720 1623 903 1700 obstruatur,
932 1622 1039 1685 deiude
1062 1622 1264 1688 intumescens
1286 1643 1343 1704 per
1363 1624 1466 1688 varios
1488 1625 1600 1705 gradus
1629 1625 1669 1686 ad
1696 1625 1810 1688 ossium

206 1749 345 1814 duritiem
367 1748 532 1830 perueniat,
556 1746 692 1826 alterum,
714 1747 767 1809 ubi
789 1745 929 1810 lamellae
952 1747 1065 1810 ossium
1088 1754 1223 1810 amutuo
1239 1753 1382 1810 contactu
1392 1748 1544 1811 recedant.
1579 1749 1811 1834 lloustet(l)
1848 1827 1855 1838 ¹

204 1873 290 1938 uolla
310 1879 436 1936 naturae
457 1872 557 1936 morbi
578 1853 695 1934 ratione
717 1869 825 1948 habita,
847 1891 905 1952 pro
929 1871 1001 1934 sede
1023 1871 1179 1951 distinguit
1202 1872 1233 1934 in
1254 1871 1453 1948 internas,
1483 1871 1535 1934 ubi
1563 1873 1644 1936 sacci
1670 1873 1752 1936 ossei
1774 1874 1810 1938 in

202 1998 285 2064 trrbo
300 1998 459 2064 medullari
483 2002 692 2078 congerantur,
715 1996 853 2078 ossisque
875 1995 1005 2076 parietes
1028 1994 1160 2072 dilatent
1183 1995 1480 2073 interstitiales,
1502 1996 1554 2058 ubi
1577 1997 1810 2079 suooiiuipsam

205 2123 400 2186 substantiam
424 2142 543 2186 osseam
565 2119 757 2184 effundantur
779 2138 905 2202 eamque
933 2118 1082 2181 laxiorem
1103 2119 1244 2197 reddant,
1267 2125 1451 2188 externas
1482 2119 1624 2201 denique,
1651 2121 1748 2196 succis
1777 2123 1808 2184 in

203 2248 362 2330 superficie
385 2247 463 2312 ossis
486 2245 603 2324 eiiusis,
625 2244 734 2326 quibus
757 2243 890 2306 tumeliat
912 2243 1111 2326 periosteum,
1141 2243 1322 2306 exorientes.
1366 2243 1489 2306 uectus
1512 2242 1550 2304 Α.
1574 2245 1734 2326 Cooper
1753 2244 1807 2328 (5)

200 2391 259 2455 pro
281 2373 353 2436 sede
377 2371 530 2452 distinguit
552 2371 582 2432 in
606 2376 763 2432 exostoses
786 2365 977 2432 membranae
1000 2367 1175 2430 medullaris
1199 2374 1229 2430 et
1250 2367 1407 2448 periostei;
1437 2386 1512 2450 quas
1535 2367 1643 2429 iterum
1665 2387 1723 2448 pro
1752 2387 1806 2432 na-

201 2502 269 2560 mn
291 2496 396 2560 dividit
418 2496 450 2558 in
472 2467 668 2574 fungosas
685 2501 722 2556 et
743 2493 1041 2574 cartilaginem
1069 2492 1100 2554 in
1122 2492 1168 2554 his
1191 2491 1373 2572 cartilaginis
1397 2490 1607 2554 ior-mationem
1630 2491 1807 2556 mrteeedere

200 2627 343 2704 tanqrrmn
366 2620 471 2682 nidum
494 2618 678 2682 substantiae
708 2637 830 2693 osseae,
864 2617 945 2678 uude
972 2617 1050 2678 itane
1077 2615 1263 2678 cxostosium
1291 2615 1422 2697 speciem
1449 2615 1709 2678 inflammator-iam
1740 2635 1807 2680 esse

198 2752 289 2825 patet.
335 2748 435 2824 Quam
463 2753 537 2804 vero
564 2747 598 2802 ut
626 2741 780 2802 exostosin
810 2738 1001 2802 membranae
1028 2739 1203 2802 medullaris
1225 2739 1453 2820 cartilagiuearu
1479 2739 1651 2822 descripsit,
1686 2741 1718 2804 iu
1745 2759 1807 2824 qna

197 2868 323 2932 elmtioa
344 2865 492 2949 quaedam
515 2863 575 2928 tela
597 2865 711 2927 librosa
733 2863 934 2944 cartilaginea,
957 2881 1034 2944 quae
1056 2863 1150 2943 spinis
1173 2861 1270 2926 osseis
1292 2861 1510 2940 trajiciebamr,
1533 2869 1710 2944 partemque
1740 2883 1804 2924 ma·
1917 2907 1921 2916 .

197 2992 290 3058 xillae
312 2989 463 3054 interioris
487 2988 660 3052 interiorem
682 2987 864 3070 occupabat,
894 2987 1037 3050 corticem
1066 2985 1144 3050 ossis
1172 2986 1350 3048 immensum
1371 2989 1515 3068 quantum
1544 2991 1713 3048 extenserat
1735 2985 1803 3072 (6),

197 3135 343 3200 perquam
367 3113 465 3176 diiiert
487 3133 505 3176 a
528 3112 657 3194 simplici
679 3112 855 3192 cartilagine
876 3111 1112 3174 inflammatione
1135 3117 1257 3186 exorta,
1286 3108 1445 3191 multoque
1467 3109 1563 3190 magis
1585 3115 1688 3172 tumor
1710 3110 1803 3174 libro-

195 3260 258 3320 sus,
280 3240 352 3324 quin
374 3239 543 3302 scirrhosus
566 3237 658 3300 luisse
681 3235 848 3299 credendus
871 3242 926 3298 est.
979 3234 1179 3298 Cullerier
1201 3232 1255 3314 (7)
1284 3253 1336 3298 eas
1365 3239 1537 3311 amotores,
1567 3253 1645 3316 quae
1672 3233 1802 3316 simplici

195 3365 443 3441 inflammatione,
466 3362 610 3444 ueniaque
632 3367 767 3424 texturae
790 3360 1040 3440 commutatione,
1070 3365 1193 3424 exortae
1216 3363 1317 3435 erant,
1344 3377 1458 3420 veras
1481 3357 1612 3436 dicabat,
1641 3359 1802 3442 spurias

195 3507 280 3567 vero,
301 3507 379 3572 qnae
402 3507 471 3551 cum
495 3505 624 3548 carnosa
646 3485 696 3546 vel
712 3486 840 3566 fungosa
863 3487 1044 3566 conjunctae
1066 3490 1152 3546 orant
1174 3482 1421 3564 degeneratione,
1451 3489 1503 3544 ant
1524 3483 1718 3564 spongiosam
1749 3501 1804 3544 ex-

193 3613 334 3676 luebant
355 3619 512 3688 texturam,
536 3617 588 3672 aut
610 3609 702 3672 sellas
725 3629 750 3671 s.
774 3609 915 3672 caritates
938 3611 1070 3688 majores
1093 3608 1263 3672 minoresve
1277 3606 1437 3688 lingebant
1460 3607 1554 3669 Plane
1581 3607 1734 3670 comnena
1751 3625 1801 3670 rs-

192 3739 278 3802 tione
300 3737 442 3818 Scorpo
465 3733 522 3820 (8)
552 3734 773 3815 spuriarum
802 3732 924 3796 nomine
952 3733 1063 3796 indicat
1085 3751 1152 3809 aas,
1182 3751 1259 3813 quae
1287 3730 1453 3794 substantia
1482 3749 1573 3792 ossea
1601 3749 1707 3792 recens
1737 3731 1800 3792 ior-

193 3869 275 3926 mata
299 3862 330 3924 in
353 3855 512 3944 superlicio
535 3859 675 3934 existunt,
696 3875 814 3920 veras
836 3861 935 3917 eutem
963 3861 1055 3937 (quas
1082 3855 1113 3916 in
1135 3854 1281 3934 malignas
1311 3861 1342 3916 et
1369 3853 1514 3934 benignas
1541 3870 1648 3914 rursus
1676 3851 1798 3935 dividit)

193 3988 274 4066 dicit,
295 3987 328 4050 iu
351 3984 541 4068 quibus'tela
563 3999 653 4046 ossea
675 3979 872 4062 expandetur,
895 3977 1025 4042 solutior
1047 3985 1077 4042 et
1098 3995 1265 4042 cavernosa
1287 3978 1347 4039 irat
1381 4009 1422 4026 --
1468 3974 1638 4040 Peouliaria
1659 3975 1713 4038 illa
1741 3995 1799 4040 no-

354 4195 394 4264 (1)
413 4199 607 4260 Morgagui,
624 4199 647 4248 1.
666 4214 689 4251 e.
708 4214 750 4263 ep.
770 4197 801 4260 L,
818 4195 864 4248 st.

354 4285 397 4356 (2)
416 4288 441 4343 J.
460 4289 492 4341 L.
512 4287 618 4348 Petit,
637 4286 714 4335 traitd
732 4287 777 4335 dea
795 4284 921 4334 maladiea
940 4271 985 4333 des
1004 4299 1042 4347 oa,
1061 4283 1144 4336 Paria.
1165 4281 1244 4345 litt,
1262 4283 1292 4334 Τ.
1311 4281 1348 4343 ll,
1366 4297 1391 4344 p.
1410 4277 1474 4332 ³⁵³.

353 4375 393 4441 (³)
413 4377 611 4437 Boerhnve,
630 4377 712 4439 prael.
732 4377 758 4446 ς.1
777 4375 837 4424 ΠΙ.

355 4461 395 4532 (il
415 4467 576 4526 llouatet,
594 4463 675 4516 llle'rn.
694 4480 740 4512 aur
756 4463 796 4512 les
815 4470 897 4511 exest.
918 4459 963 4509 des
981 4477 1009 4509 oa
1029 4459 1153 4524 cytinus,
1171 4461 1217 4508 in:
1236 4457 1318 4511 msa.
1337 4455 1369 4507 dr
1387 4453 1481 4511 l'sead.
1500 4457 1584 4522 royal,
1603 4458 1635 4506 de
1648 4453 1792 4522 clalr‘urgie3

189 4559 223 4614 Τ.
242 4557 287 4621 Vl,
306 4573 331 4618 p.
352 4553 412 4604 130.

354 4635 397 4709 (5)
419 4641 450 4690 Α.
469 4641 614 4704 Coeper,
635 4641 699 4690 aber
717 4639 869 4701 llxostoaen,
888 4641 918 4688 ia
935 4639 1048 4699 chirurg.
1061 4637 1194 4690 Althaarll.
1209 4653 1238 4690 u.
1253 4635 1406 4690 Versuelren
1423 4653 1450 4690 r.
1468 4637 1500 4688 Λ.
1520 4637 1648 4702 Gooper
1665 4630 1793 4698 etBan.

189 4735 352 4794 uranu,
371 4747 395 4782 a.
415 4729 440 4783 «1.
460 4730 538 4790 Engl,
574 4727 702 4776 Weimar.
723 4727 803 4780 tuti.
821 4729 853 4779 Τ.
873 4729 909 4780 ll.
927 4743 953 4790 p.
972 4726 1035 4781 tet.

352 4815 395 4886 (ii)
416 4819 514 4866 ilrirlem
531 4820 551 4870 1.
571 4833 594 4870 e.
614 4832 638 4878 p.
657 4815 720 4872 ⁵12.
944 4883 948 4890 ἡ

355 4903 397 4976 (lt
416 4907 609 4968 scitarier,
629 4904 693 4957 eliel.
713 4903 757 4952 rlea
777 4905 893 4954 seientes
912 4905 979 4956 nti.
998 4905 1030 4959 Τ.
1049 4903 1120 4956 xlv.
1138 4911 1186 4958 nl.
1204 4901 1341 4957 Exoslue.

354 4995 595 5062 (tt)scarpa,1.
615 4993 857 5056 opimium.

1375 5093 1417 5158 ll
