4784 5894
1371 599 1446 676 tou

601 816 687 882 initio
717 833 838 906 osseum
867 833 885 876 e
912 813 1064 896 pericsteo
1087 819 1229 894 tanquam
1250 811 1442 894 praecipitari
1464 811 1626 892 contendit,
1650 831 1686 876 ac
1708 823 1816 896 postea
1838 784 1967 891 deinum,
1989 831 2058 897 quo
2090 811 2230 894 celerina

601 939 698 1002 callus
731 943 899 1014 accrescat,
922 935 1126 1016 cartilaginem
1148 935 1284 998 formari.
1328 935 1461 1000 Omnino
1485 937 1590 1000 taleam
1614 957 1681 1002 esse
1703 937 1780 1002 lianc
1802 937 1993 1014 macunen,
2021 956 2089 1020 per
2119 935 2230 999 brevia

600 1063 745 1144 temporis
773 1059 931 1124 intervalla
959 1060 1129 1142 inquirens,
1152 1078 1212 1141 qna
1242 1060 1359 1122 ratione
1381 1060 1520 1123 materies
1550 1062 1718 1142 gelatinoea
1739 1062 1817 1124 mter
1838 1080 1875 1124 os
1897 1067 1928 1124 et
1950 1062 2150 1142 periosteum
2175 1079 2229 1122 ex-

601 1186 707 1248 sudata
736 1187 766 1246 in
797 1185 970 1265 organicam
993 1184 1083 1246 telam
1107 1183 1210 1260 abeat,
1233 1189 1316 1246 certo
1346 1183 1417 1246 milri
1445 1184 1591 1266 persuasi.
1640 1184 1719 1246 Dum
1742 1184 1910 1264 gelatinosa
1932 1191 1997 1247 erat
2018 1184 2105 1246 baec
2130 1193 2228 1246 mate-

602 1311 674 1384 ries,
696 1308 871 1390 superficies
894 1307 986 1383 ossis,
1009 1326 1087 1389 qnae
1109 1307 1249 1382 suberat,
1268 1324 1395 1389 prorsus
1417 1305 1522 1387 glabra
1545 1307 1724 1388 apparebat,
1756 1327 1934 1390 cassamque
1964 1309 2133 1370 materiem
2164 1327 2228 1370 raon

601 1434 801 1515 produxeram
823 1431 950 1494 simulac
972 1449 1046 1492 uero
1069 1431 1101 1492 in
1123 1412 1328 1510 cartilaginem
1350 1429 1473 1506 abierat
1495 1450 1532 1492 en
1555 1437 1649 1512 parte,
1671 1449 1750 1514 quaa
1772 1432 1836 1495 ossi
1858 1429 1989 1494 obuersa
2005 1439 2087 1509 crat,
2113 1433 2146 1492 in
2173 1451 2227 1494 os·

601 1577 684 1620 seam
719 1555 915 1618 eructantium
952 1561 1133 1617 commutata
1163 1553 1415 1634 conspiciebatur.
1475 1554 1586 1617 Ronn
1616 1563 1647 1617 et
1675 1575 1749 1618 ran
1778 1555 1981 1618 lieekercn
2004 1553 2226 1635 cartilaginem

601 1681 799 1764 praeformari
828 1680 953 1742 omnino
982 1683 1108 1758 negant,
1137 1676 1246 1759 partim
1273 1676 1345 1760 qnia
1372 1695 1436 1740 non
1463 1677 1537 1740 satis
1559 1677 1717 1759 diligenter
1738 1699 1802 1742 rem
1824 1678 2081 1762 disqriisivcrnnt,
2112 1680 2225 1760 partim

602 1807 673 1889 quia
695 1805 806 1866 callum
829 1821 898 1864 cnm
919 1801 1086 1864 substantia
1106 1798 1281 1863 intermedia
1302 1799 1520 1878 contuderunt,
1540 1821 1628 1884 quarn
1652 1801 1910 1884 incartilaginem
1934 1823 2042 1866 revera
2058 1771 2246 1886 nunqnam*

603 1928 788 2001 eonnnntari,
811 1927 864 1990 sed
875 1925 1067 1989 solummodo
1079 1931 1226 1986 texturam
1239 1923 1474 2004 ligamentosam,
1497 1925 1569 1998 sive,
1592 1933 1626 1988 ut
1642 1943 1711 1988 cum
1734 1927 1806 1990 nnis
1822 1925 1952 1991 laudatis
1969 1927 2095 2010 loquar,
2120 1927 2223 1988 coria-

602 2073 685 2114 roam
705 2051 788 2114 abire
802 2049 942 2112 vidimus.
987 2047 1219 2110 Maedorrnld
1242 2047 1348 2130 etipse
1363 2047 1566 2128 cartilaginem
1580 2052 1776 2130 praeformari
1789 2059 1884 2131 rregat,
1907 2060 1937 2114 et
1957 2049 2040 2133 qnod
2054 2063 2131 2112 aitte
2151 2070 2220 2112 euru

600 2197 658 2258 pro
682 2173 855 2254 cartilagine
877 2172 1008 2234 habitum
1031 2171 1129 2246 fucrit,
1151 2190 1272 2234 osseum
1292 2172 1357 2248 jam
1379 2189 1446 2234 csse
1469 2172 1645 2236 arbitratur:
1670 2174 1699 2235 in
1723 2173 1868 2252 galliunls
1890 2175 1970 2236 enim
1992 2173 2134 2254 pullula,
2154 2177 2219 2252 jam

602 2300 691 2361 tertio
714 2303 785 2378 post
807 2297 916 2360 iactam
939 2296 1100 2357 fracturam
1124 2293 1182 2368 die,
1204 2312 1264 2374 ope
1287 2293 1479 2374 uricroscopii
1502 2293 1533 2356 in
1555 2294 1724 2360 anhelantia
1737 2295 1806 2358 calli
1830 2297 1928 2359 adbrrc
1951 2296 2036 2360 molli
2052 2297 2219 2378 complura

603 2429 715 2504 puncta
738 2439 827 2482 oseca
850 2415 896 2499 (i)
920 2417 1109 2482 rubescentis
1133 2416 1329 2498 conspexisse
1350 2415 1407 2478 sibi
1431 2416 1514 2478 visns
1537 2425 1592 2480 est.
1638 2415 1751 2482 Nescio
1768 2437 1869 2482 aunon
1893 2421 2079 2502 corpuscula
2094 2420 2216 2484 cartila-

606 2547 707 2625 ginum
732 2542 857 2626 propria
877 2539 993 2604 viderit.

761 2791 794 2857 3.
840 2791 1077 2855 Ossiiicatio
1113 2789 1158 2852 ab
1199 2808 1288 2866 osse
1329 2789 1539 2855 exorditur
1573 2792 1742 2876 indeque
1776 2793 1994 2876 aequaliter
2035 2791 2214 2875 procedit

603 2937 726 3004 neque
764 2917 812 2980 lit
838 2935 907 2998 per
928 2921 1075 2996 puncta
1096 2933 1210 2977 ossea
1240 2913 1449 2993 sejunctim
1478 2913 1684 2996 disposita.
1740 2917 1823 2980 Licet
1851 2917 1930 2980 lraud
1953 2918 2056 2998 niagni
2086 2917 2213 2980 habeam

602 3046 679 3106 lranc
712 3042 818 3117 tlcs'n,
849 3047 974 3114 tamen,
1000 3057 1093 3121 qutun
1126 3055 1232 3100 onmes
1265 3037 1328 3099 lere
1361 3037 1525 3118 scriptores
1559 3038 1657 3102 obiter
1689 3049 1802 3103 tentum
1842 3041 1880 3103 de
1921 3040 2048 3122 singulis
2092 3038 2212 3122 pancos

602 3166 699 3230 osseis
739 3165 770 3226 in
810 3161 890 3225 callo
932 3161 1125 3240 cartilagineo
1164 3159 1330 3224 orientibus
1368 3167 1526 3236 moneant,
1571 3163 1732 3244 separatim
1771 3183 1810 3226 aa
1848 3163 2001 3227 aderanda
2041 3162 2210 3226 videbatur.

602 3289 728 3370 Singula
757 3287 953 3368 sejunctaque
987 3284 1197 3358 ossiticationis
1228 3290 1340 3365 puncta
1367 3283 1496 3346 existere
1528 3303 1633 3367 posse,
1670 3305 1796 3368 prorsus
1828 3307 1940 3370 anegare
1972 3287 2061 3364 nolo,
2097 3305 2209 3356 verum,

601 3413 629 3474 si
649 3412 682 3474 id
703 3427 836 3494 unquam
857 3409 924 3486 mc,
957 3408 1108 3472 rarissime
1141 3413 1254 3474 natum
1287 3407 1354 3469 lieri
1386 3407 1548 3473 contendo.
1604 3409 1765 3494 Equidem,
1799 3419 1949 3494 quotquot
1979 3412 2132 3474 iracnrras
2166 3409 2208 3470 in·

601 3535 726 3619 quisivi,
748 3552 901 3617 nunquam
923 3531 983 3596 tale
1005 3530 1077 3613 quid
1100 3531 1275 3604 observavi3
1297 3529 1437 3594 facillime
1458 3549 1534 3594 vero
1556 3533 1693 3596 accidere
1716 3536 1862 3615 eogrrovi,
1885 3543 1919 3596 nt
1940 3535 2078 3614 anginas
2109 3539 2207 3614 parrer

601 3660 770 3724 ossilicatae
799 3677 872 3739 prae
894 3655 1017 3738 reliquis
1040 3654 1203 3718 eminentes
1230 3660 1284 3716 ant
1305 3673 1404 3716 novae
1427 3655 1622 3720 formationes
1651 3676 1758 3721 osseae
1783 3659 1813 3720 in
1835 3657 1961 3740 siugulis
1983 3659 2096 3722 assulis
2120 3672 2206 3720 exor-

578 3795 648 3848 -tae
671 3804 728 3865 pro
751 3782 869 3865 manens
892 3779 1103 3844 ossiicationis
1124 3778 1284 3858 sejunctim
1306 3777 1459 3859 dispositis
1488 3779 1661 3844 habeantur.
1714 3780 1819 3844 Galim
1847 3801 1909 3846 non
1933 3782 2032 3844 malim
2053 3781 2094 3844 ab
2123 3777 2205 3842 initio

600 3910 641 3970 ita
663 3915 744 3970 totns
767 3903 945 3980 excludatur,
977 3911 1011 3966 ut
1032 3903 1171 3967 materias
1187 3901 1361 3983 gehannae
1382 3909 1447 3966 toto
1480 3903 1570 3966 simul
1593 3905 1706 3968 ambim
1728 3905 1759 3966 in
1781 3905 2004 3986 cartilaginem
2027 3917 2204 3984 asseratque

601 4029 796 4093 substantiam
826 4026 927 4100 abeat3
957 4026 1041 4108 qnod
1065 4025 1211 4102 sitierat,
1233 4025 1447 4088 verisimilius
1469 4026 1561 4104 toret,
1584 4028 1703 4108 singola
1725 4037 1866 4112 tanquam
1895 4039 1998 4092 centra
2027 4027 2206 4094 oasitlcatio·

602 4155 648 4217 nis
677 4151 765 4220 oriri:
795 4148 851 4213 sed
879 4148 1036 4230 paullatim
1064 4148 1134 4210 inde
1156 4167 1175 4210 a
1194 4148 1356 4229 superficie
1378 4148 1457 4214 ossis
1480 4169 1560 4214 nova
1582 4152 1721 4216 materies
1744 4171 1833 4216 ossea
1855 4153 1989 4234 praedit,
2017 4162 2107 4236 atque
2137 4149 2205 4212 dom

602 4291 689 4340 enters
712 4274 858 4353 cartilago
881 4273 997 4349 crescit,
1018 4271 1100 4334 intus
1123 4243 1160 4334 in¹
1177 4291 1214 4333 ea
1236 4271 1400 4334 ossiiicatic
1422 4273 1588 4356 aeqrraliter
1610 4276 1680 4339 inde
1703 4277 1740 4338 ab
1763 4295 1833 4340 osse
1856 4275 2000 4358 procedit,
2023 4295 2119 4361 ueqrre
2136 4271 2204 4334 dum

600 4421 698 4464 nome
731 4397 926 4462 formationes
956 4415 1062 4460 osseae
1084 4414 1190 4460 omnes
1220 4395 1297 4460 inter
1318 4413 1351 4458 se
1374 4397 1509 4460 coierint

758 4647 789 4710 l.
834 4645 959 4726 lpsnna
992 4663 1033 4706 os
1067 4643 1245 4722 tractum,
1280 4645 1363 4710 dum
1397 4645 1523 4710 callus
1558 4649 1767 4723 lormatur,
1802 4650 2042 4712 mutationes
2078 4643 2200 4710 sensi·

598 4775 668 4836 bns
709 4769 866 4852 quidem
905 4766 1185 4850 percipiendas
1225 4787 1299 4832 non
1340 4770 1573 4849 perpetitur.
1640 4772 1723 4836 Mira
1756 4773 1903 4856 quaedam
1936 4774 2015 4836 inter
2045 4766 2201 4836 maeatas

597 4897 793 4978 scriptorum,
833 4893 910 4954 lianc
944 4912 1008 4954 rem
1050 4896 1236 4973 spectantes,
1277 4893 1354 4954 ratio
1387 4891 1551 4956 intercedit.
1609 4895 1670 4977 Qui
1704 4915 1742 4958 ex
1786 4915 1856 4960 osse
1883 4895 1993 4960 callum
2035 4897 2107 4960 oriri
2149 4905 2199 4950 νῦ·

531 5035 536 5044 ·
596 5021 725 5093 lueruut‚
758 5033 864 5078 sanum
898 5021 997 5078 tamen
1032 5013 1111 5076 callo
1146 5013 1316 5094 effingendo
1344 5014 1423 5075 haurd
1453 5014 1594 5080 idoneum
1625 5018 1765 5081 videntur
1786 5017 1934 5084 habrrisse.
1992 5020 2042 5082 Sic
2076 5019 2198 5081 soem·

2133 5319 2146 5356 6
