4856 5896
1198 2143 1203 2150 ·
1309 2123 1489 2191 olnvn.

1092 2263 1431 2345 osstttnt
1511 2265 1723 2343 vtum

600 2437 709 2560 Usus
732 2501 821 2579 atque
842 2493 972 2573 nfflitts,
999 2513 1090 2581 qnam
1112 2493 1151 2558 ad
1172 2501 1269 2560 totum
1287 2513 1403 2578 corpus
1424 2493 1535 2558 labent
1556 2511 1642 2572 osca,
1668 2491 1862 2558 solummodo
1884 2493 1915 2557 in
1944 2493 2076 2577 physicis
2098 2513 2203 2560 eorum

599 2619 792 2704 contectus
812 2619 913 2703 posita
935 2627 995 2695 est;
1017 2635 1116 2704 ncqne
1138 2619 1218 2682 enim
1240 2615 1374 2683 remedio
1395 2625 1474 2696 sunt,
1503 2635 1566 2702 qno
1588 2635 1637 2682 res
1660 2624 1802 2681 nrteruae
1830 2617 1861 2680 in
1889 2619 2094 2699 orgoniamum
2115 2637 2203 2701 agere

599 2745 733 2826 possint,
762 2745 806 2808 uti
833 2751 967 2826 systema
986 2761 1164 2821 nervosum,
1191 2759 1290 2826 neque
1318 2742 1381 2805 vim
1402 2739 1497 2807 ullam
1526 2748 1667 2804 crercmt
1689 2740 1721 2804 in
1742 2741 1917 2805 mixtionem
1942 2741 2117 2820 humorem,
2145 2744 2203 2806 nisi

601 2887 675 2944 eam,
698 2887 776 2951 quoe
798 2867 937 2932 omnious
959 2865 1094 2950 parolus
1117 2867 1257 2948 corporis
1278 2866 1461 2930 nutrimento
1484 2863 1688 2929 cresccnt'lrm
1710 2864 1878 2928 communis
1901 2871 1962 2940 osu
1995 2865 2053 2930 nisi
2082 2867 2152 2950 quis
2173 2865 2204 2928 in

597 2991 717 3054 ossibus
740 2992 821 3055 cans
844 2993 952 3067 svium,
975 3009 1053 3073 qnae
1076 2991 1146 3052 aire
1167 2989 1408 3070 atmosplraerico
1431 2989 1652 3069 continguntur,
1675 2987 1903 3070 respirationem
1925 2987 2056 3072 aliquam
2073 2989 2203 3052 derive-

453 3111 464 3122 '
596 3115 642 3176 lit.
688 3115 794 3176 Omnis
816 3113 907 3193 igitur
928 3131 1035 3175 eornm
1056 3112 1118 3175 vito
1138 3119 1277 3175 versetur
1299 3111 1329 3173 ln
1353 3129 1405 3188 eo,
1428 3110 1512 3194 qnod
1534 3109 1612 3174 hunc
1633 3111 1730 3192 ipsam
1753 3131 1934 3176 conservare
1958 3111 2095 3190 student,
2124 3114 2153 3176 lr.
2174 3131 2203 3178 e.

598 3238 635 3298 in
657 3235 891 3312 nutritione,
920 3233 1155 3298 incremento
1184 3243 1214 3297 et
1242 3233 1561 3315 reprodnctione.
1606 3233 1739 3298 Nutrltio
1763 3243 1862 3299 numm
1884 3243 1944 3314 est,
1972 3236 2055 3321 quod
2084 3257 2196 3320 corpur

598 3360 772 3440 organicum
794 3367 856 3422 tum
878 3359 909 3421 iu
931 3358 1134 3421 minutissimis
1157 3358 1324 3441 quibusque
1346 3357 1481 3438 portibus
1502 3377 1541 3420 ex
1564 3357 1753 3422 utrumnum
1775 3359 1950 3424 humoribus
1973 3361 2111 3425 meter-ies
2140 3361 2196 3426 sict

597 3501 667 3546 suns
691 3483 795 3564 recipit
818 3491 907 3566 etque
928 3483 970 3544 ita
992 3482 1104 3545 similes
1126 3481 1182 3544 sibl
1205 3479 1318 3556 reddit,
1347 3489 1380 3542 nt
1408 3479 1488 3543 vires
1517 3500 1638 3565 quoqne
1667 3483 1725 3562 ipsi
1754 3483 1896 3564 propriae
1925 3491 2014 3566 atque
2037 3485 2142 3547 nisime
2165 3486 2195 3548 in

597 3623 649 3670 cas
672 3613 831 3684 trmseent,
853 3613 914 3669 tam
936 3613 1037 3687 partes
1061 3597 1099 3667 ad
1119 3605 1210 3668 eitam
1234 3601 1458 3668 sustentandam
1480 3621 1543 3667 non
1574 3603 1703 3686 amplius
1733 3605 1858 3669 idoncos
1885 3605 2001 3670 solutos
2030 3623 2135 3669 rursus
2163 3609 2194 3671 in

596 3731 737 3794 humores
762 3749 800 3794 ex
823 3731 890 3813 ipso
912 3729 1073 3794 refluentes
1102 3727 1199 3792 tradit.
1253 3729 1293 3791 Ut
1320 3737 1418 3791 autern
1447 3727 1500 3791 mn
1527 3727 1666 3804 nutritio,
1693 3728 1875 3810 singularem
1903 3729 2054 3812 quandorn
2082 3732 2144 3794 vim
2173 3731 2204 3794 ln

596 3865 682 3938 porte
703 3855 863 3918 nutrienda
885 3855 983 3918 inesse
1006 3861 1126 3937 oportet
1148 3853 1333 3927 efficientem,
1357 3861 1390 3914 ut
1411 3869 1474 3916 non
1491 3851 1596 3916 solnm
1619 3861 1719 3914 certae
1741 3852 1888 3934 quaedam
1911 3853 2052 3940 materies
2067 3873 2140 3936 proc
2152 3871 2202 3918 ce·

598 3977 669 4038 teris
704 3977 901 4056 recipiantur,
945 3985 979 4037 ut
1021 3977 1052 4036 in
1094 3975 1213 4039 ossibus
1251 3974 1346 4048 sales,
1389 3974 1442 4036 sed
1477 3975 1566 4036 etium
1599 3983 1754 4058 receptae,
1788 3974 1934 4057 singulari
1975 3979 2092 4040 actium
2125 3995 2202 4042 non-

599 4099 670 4161 dum
693 4097 820 4180 cognita,
843 4098 874 4160 iu
898 4115 994 4160 novus
1017 4097 1155 4168 materies
1178 4103 1405 4171 commutentur,
1428 4103 1462 4158 ut
1484 4095 1515 4158 iu
1537 4096 1657 4160 ossrlrus
1680 4099 1711 4161 in
1734 4098 1846 4180 gluten.
1882 4099 2001 4181 Quodsi
2019 4100 2071 4165 tali
2084 4102 2202 4166 nodone

597 4223 665 4303 plus
689 4223 837 4304 excipitur
859 4231 948 4306 atque
970 4217 1153 4284 assimilatur
1170 4219 1324 4296 ,materian
1347 4237 1436 4302 quam
1460 4220 1802 4304 culcmurresorptlone,
1825 4223 2109 4288 incrementum
2132 4224 2202 4287 inde

598 4343 692 4425 partis
713 4346 873 4426 organicae
894 4345 1002 4408 existit
1216 4429 1219 4435 Ι

757 4469 861 4530 Talem
884 4477 982 4530 autem
1005 4468 1145 4531 mutoriue
1169 4468 1431 4531 commntntioncm
1454 4477 1483 4531 et
1504 4470 1590 4551 quusi
1613 4470 1827 4534 mutuationem
1850 4471 1914 4533 lieri
1938 4474 1968 4534 in
1998 4473 2201 4536 minutissimis

600 4593 712 4655 ossium
735 4587 878 4672 partlm,
906 4590 955 4654 vcl
978 4607 1016 4652 ex
1038 4591 1105 4672 ipsa
1127 4609 1233 4654 eorum
1255 4589 1358 4672 genesi
1380 4600 1412 4654 et
1432 4591 1617 4654 decremento
1639 4591 1748 4675 liquem
1775 4593 2028 4675 corpusculorum
2060 4597 2139 4659 enim
2169 4597 2199 4660 in

598 4716 770 4797 cartilagine
794 4713 944 4778 concinna
964 4713 1142 4790 distributio,
1165 4713 1242 4776 telae
1266 4731 1372 4777 osseae
1395 4713 1555 4795 primariae
1578 4715 1778 4780 conformatio
1800 4736 1856 4798 per
1878 4717 2110 4782 ossilicationem
2126 4719 2198 4782 sub·

596 4840 722 4904 stantiae
745 4837 934 4922 corprrscul’ts
957 4836 1165 4913 circumdatae,
1188 4837 1332 4900 collorum
1344 4835 1650 4918 mcdullariumorigo
1673 4839 1895 4924 earundemque
1917 4850 1979 4904 turn
1992 4843 2197 4920 condensatio,

596 4985 656 5049 qua
678 4965 711 5028 m
733 4973 836 5027 corten
860 4961 962 5037 durus,
983 4967 1046 5022 turn
1067 4955 1269 5041 amplificatio,
1293 4979 1352 5042 qun
1374 4955 1462 5022 tubus
1485 4959 1672 5038 medullaris,
1701 4997 1743 5012 -
1773 4963 1829 5026 lrac
1859 4963 1949 5045 igitur
1978 4985 2082 5028 omncs
2113 4985 2195 5028 ccm-
