4856 5896
1368 534 1438 611 eo

614 750 874 818 Blumenbach
898 747 956 835 (1)
978 747 1133 812 columbas
1157 747 1241 826 duas,
1263 746 1336 811 dum
1357 745 1520 812 medullam
1542 745 1695 826 denunt
1717 747 2103 830 convulsionibuseorripi
2124 747 2213 821 vidit3

611 853 721 940 'contra
741 877 773 938 in
795 875 898 938 tibiam
916 873 1037 954 juvenis
1061 889 1209 934 annorum
1233 871 1284 949 lo,
1306 875 1395 954 cujus
1416 873 1507 937 tubus
1528 871 1702 936 medullaris
1714 873 1795 936 carie
1806 871 1931 955 capitali
1946 871 2113 936 mticulmb
2126 889 2213 953 aper-

615 1007 663 1063 tus
687 1007 758 1076 erat,
781 999 870 1061 trium
893 997 1038 1079 pollicum
1060 995 1214 1058 altitudine
1229 995 1394 1078 specillum
1415 996 1550 1078 infligere
1571 1003 1698 1078 poterat,
1720 1013 1819 1080 neque
1829 1001 1938 1074 tamea,
1961 1013 2140 1079 quamquam
2152 1011 2215 1058 me-

616 1123 699 1186 dulla
722 1123 817 1184 adhuc
840 1141 914 1184 sana
937 1118 994 1206 (i)
1017 1127 1089 1196 erat,
1113 1120 1250 1182 dolorem
1273 1120 1378 1184 ciebat.
1437 1121 1593 1184 Kartum
1616 1118 1670 1204 (2)
1706 1119 1880 1202 palumbem
1908 1118 2037 1201 pullam,
2065 1121 2096 1182 in
2126 1121 2214 1198 eujus

615 1247 716 1310 tibiam
738 1245 823 1308 filum
844 1244 1026 1307 metallicum
1049 1244 1157 1306 ardens
1179 1243 1293 1320 mllixit,
1316 1261 1379 1308 non
1400 1244 1508 1320 statim,
1531 1243 1585 1306 sed
1607 1243 1723 1328 aliquot
1744 1242 1864 1306 demum
1880 1244 2040 1307 momentis
2060 1251 2138 1325 post,
2160 1241 2215 1303 do-

600 1369 690 1432 'loris
714 1371 799 1450 sigua
822 1369 910 1430 edere
934 1368 1022 1438 radit:
1044 1367 1124 1428 idem
1146 1385 1212 1429 sese
1235 1373 1392 1448 expertum
1411 1366 1484 1429 dicit
1505 1368 1537 1430 in
1559 1367 1710 1446 cuniculo,
1732 1368 1764 1430 in
1786 1387 1847 1450 quo
1869 1367 2033 1429 medullam
2054 1366 2144 1428 tibiae
2164 1365 2215 1427 iilo

601 1509 728 1574 ‘cupreo
752 1493 940 1555 destruxerit.
987 1493 1052 1572 Ego
1074 1509 1148 1553 vero
1171 1491 1330 1552 manifesto
1353 1491 1475 1554 dolores
1498 1491 1610 1554 exoriri
1631 1491 1694 1553 vidi
1717 1492 1748 1553 in
1771 1490 1918 1572 cuniculis
1937 1491 2063 1566 duobus,
2086 1509 2216 1573 quornm

616 1617 700 1679 alteri
723 1617 811 1678 tibiae
835 1621 950 1697 partem
972 1616 1144 1676 inferiorem
1175 1615 1392 1694 amputatione,
1422 1615 1508 1678 alteri
1537 1591 1757 1696 perforatione·
1769 1614 1892 1696 parietis
1921 1615 1999 1678 ossis
2022 1633 2217 1696 aperueram3

615 1743 755 1802 immerso
779 1741 810 1800 in
832 1739 995 1802 medullam
1016 1738 1070 1800 iilo
1092 1737 1252 1813 metallico,
1276 1739 1513 1819 statimspasmis
1535 1739 1800 1804 vehementissimis
1824 1738 2027 1820 agitabantur,
2051 1745 2138 1820 atque
2160 1739 2218 1799 ite-

616 1867 687 1927 ratis
710 1867 767 1925 lror
790 1863 881 1924 fiebat
901 1863 1026 1936 uicibus
1049 1862 1166 1943 quoties
1188 1861 1420 1923 ulteriuslilum
1442 1867 1655 1950 protruseram.
1691 1897 1734 1910 -
1774 1862 2024 1924 Graveillrier
2046 1859 2117 1943 (3),
2146 1861 2217 1923 dum

617 1987 778 2050 medullam
801 1986 854 2048 tilo
877 1985 1028 2047 metallico
1052 1985 1198 2045 candente
1220 1984 1399 2061 destnrebat,
1423 1985 1578 2048 oolmnbas
1601 2003 1763 2068 nunquam,
1787 1986 1944 2048 cuniculos
1967 1985 2117 2048 interdum
2129 1985 2217 2047 dolo-

616 2111 657 2172 ris
688 2111 772 2189 signa
795 2108 884 2170 edero
908 2107 1102 2180 observabam
1127 2125 1217 2170 canes
1238 2125 1312 2170 vero
1336 2127 1455 2189 semper
1477 2109 1625 2189 ingentem
1650 2107 1778 2171 edebant
1799 2108 1956 2172 ululatum.
2001 2109 2138 2171 Biohat
2160 2107 2217 2192 (i)

615 2242 644 2296 et
667 2235 730 2313 ipse
754 2251 792 2293 ex
815 2232 1026 2312 experimentis
1051 2232 1081 2291 in
1104 2231 1282 2292 animalibus
1305 2232 1446 2295 instituatis
1468 2232 1639 2294 sensibilem
1663 2252 1731 2295 esse
1751 2233 1906 2296 contendit
1915 2233 2078 2295 medullam
2090 2251 2217 2306 osseam,

616 2353 713 2439 eoque
735 2356 837 2435 uragiS,
861 2375 921 2436 quo
944 2354 1070 2434 propius
1094 2359 1198 2415 centro
1222 2354 1299 2416 ossis
1323 2354 1379 2416 sita
1401 2355 1454 2431 sit,
1477 2363 1566 2435 negat
1587 2375 1660 2418 vero
1684 2357 1855 2418 sensibilem
1878 2377 1944 2418 esse
1966 2376 2049 2432 eaur,
2080 2377 2156 2440 quae
2186 2358 2217 2417 in

620 2479 756 2562 partibus
787 2478 959 2558 spongiosis
989 2478 1185 2538 contineatur.
1253 2476 1320 2538 Neo
1349 2477 1446 2540 minus
1475 2478 1622 2560 Scarpa
1645 2478 1702 2564 (5)
1726 2482 1757 2542 in
1777 2481 1917 2558 canibus,
1945 2481 2017 2542 darm
2046 2480 2216 2542 destruebat

533 2643 536 2660 .
616 2602 787 2674 medullam,
810 2608 856 2663 sat
878 2600 1034 2662 manifesta
1056 2599 1236 2662 observabat
1259 2601 1459 2664 sensibilitatis
1483 2603 1577 2684 signa.

777 2725 837 2806 Qui
859 2723 900 2799 tit,
923 2731 956 2785 ut
978 2730 1134 2804 tantopere
1156 2723 1212 2786 lrae
1236 2723 1460 2788 observationes
1483 2727 1562 2788 inter
1583 2747 1615 2789 se
1639 2727 1827 2809 discrepeat?
1872 2728 1944 2790 Non
1968 2729 2106 2806 dubium,
2135 2730 2216 2811 qnod

616 2852 703 2912 otiam
726 2847 893 2912 Biclard
917 2844 973 2932 (6)
995 2847 1209 2927 pronuntiavit,
1240 2848 1312 2929 quin
1334 2847 1461 2909 multum
1483 2849 1613 2927 mtorsit,
1649 2859 1837 2933 quantopere
1860 2851 1926 2914 aliis
1945 2855 2009 2931 jam
2032 2852 2214 2914 vrrlneratio-

614 2974 702 3036 nibus
724 2979 865 3034 vexatum
895 2971 933 3033 sit
957 2969 1081 3043 animal,
1112 2977 1142 3030 et
1163 2977 1275 3050 quanto
1299 2977 1369 3050 post
1397 2973 1561 3034 sectionem
1589 2976 1719 3055 partium
1747 2976 1884 3037 mollium
1907 2977 2112 3057 praeterlapso
2142 2983 2215 3038 teru-

615 3113 691 3175 pore
714 3094 847 3155 medulla
868 3093 1047 3173 inquiratnr;
1077 3092 1198 3168 etenim,
1221 3092 1246 3152 si
1269 3092 1403 3154 nondum
1425 3094 1571 3176 inquievit
1593 3095 1712 3176 animal,
1742 3099 1842 3161 minor
1863 3100 1915 3162 ille
1937 3100 2042 3176 dolor,
2072 3101 2121 3182 qui
2149 3100 2214 3160 irri-

616 3218 707 3278 tanda
729 3214 861 3278 medulla
883 3215 992 3290 cietur,
1021 3220 1163 3294 tauquam
1193 3215 1373 3277 exsurdatnr
1395 3217 1497 3299 priore
1516 3221 1647 3300 majore,
1675 3223 1726 3303 qui
1748 3223 1879 3285 secanda
1901 3233 1970 3286 cute
1992 3225 2136 3286 excitatus
2159 3231 2215 3296 θείς

615 3359 672 3401 neo
695 3359 758 3401 non
780 3338 1009 3418 respiciendum,
1031 3345 1132 3398 utrum
1154 3339 1318 3416 amputatio
1340 3359 1493 3420 supereo
1516 3343 1596 3421 loco,
1618 3363 1680 3426 quo
1704 3345 1813 3407 arteria
1834 3366 1942 3427 magna
1969 3349 2090 3410 nuta-itia
2118 3349 2214 3428 ingre-

616 3464 703 3539 ditur,
727 3464 814 3540 laota,
837 3461 966 3543 indeque
989 3463 1055 3539 eins
1077 3480 1147 3522 oum
1170 3461 1304 3540 partibus
1327 3466 1495 3542 systematis
1517 3467 1638 3528 nervosi
1661 3468 1843 3532 centralibus
1866 3489 2021 3532 connexus
2033 3472 2216 3552 interruptus

615 3589 661 3664 sit,
685 3607 745 3670 qno
768 3587 810 3662 iit,
832 3593 866 3647 nt
887 3583 1067 3647 sensibilitas
1090 3601 1152 3646 non
1172 3586 1236 3663 jam
1259 3586 1373 3666 percipi
1396 3588 1499 3667 possit3
1522 3607 1581 3671 qna
1604 3590 1635 3651 in
1658 3611 1691 3652 re
1714 3593 2017 3672 positumarbitratur
2038 3595 2214 3658 Beclard

615 3711 697 3795 quod
720 3711 859 3772 Biohat
881 3709 959 3770 iuter
980 3707 1142 3770 medullam
1165 3709 1295 3788 partium
1318 3711 1522 3773 articularium
1544 3721 1574 3774 et
1596 3715 1711 3777 ossium
1734 3717 1923 3798 diaplrysium
1941 3719 2085 3781 interesse
2106 3719 2214 3784 voluit.

774 3837 821 3894 lle
845 3834 997 3894 iunctione
1020 3832 1170 3893 medullae
1193 3853 1339 3916 perquam
1361 3835 1463 3898 variae
1487 3837 1646 3900 valuerunt
1668 3841 1846 3914 sententiae:
1873 3851 1989 3905 veteres
2017 3843 2129 3906 ossium
2158 3863 2215 3904 nu-

615 3957 727 4017 tritioni
750 3955 894 4014 inservire
918 3954 1147 4025 arbitrabantur;
1179 3957 1229 4016 alii
1259 3977 1315 4036 per
1343 3965 1443 4036 partes
1471 3961 1645 4024 articulares
1674 3964 1705 4024 in
1728 3983 1835 4026 cavum
1864 3965 2060 4028 articulorum
2081 3975 2213 4029 naussu-

615 4078 690 4152 dari,
713 4085 801 4159 atque
824 4076 962 4138 conferre
985 4076 1025 4136 ad
1048 4079 1287 4156 componendam
1309 4082 1475 4160 synoxiam,
1498 4084 1570 4163 quin
1593 4087 1739 4148 llavors
1762 4085 1960 4169 (lycanalcs
1984 4089 2022 4151 ad
2034 4091 2112 4152 branc
2123 4091 2213 4153 finam

776 4319 816 4388 (1)
835 4327 1084 4391 elementata,
1103 4329 1244 4396 Annaerlg.
1263 4329 1328 4377 tiber
1346 4330 1389 4377 alie
1407 4330 1591 4394 lixperimame
1610 4351 1635 4389 r.
1653 4332 1743 4399 Troia,
1763 4337 1930 4390 innumera
1954 4340 2068 4402 cuturn.
2086 4341 2214 4394 Bibliolb.

618 4413 666 4467 ild,
685 4413 730 4468 tu,
748 4428 773 4476 p.
793 4412 854 4461 101.
872 4437 909 4448 —-
927 4417 1021 4464 (icaria.
1040 4417 1066 4468 d.
1086 4417 1190 4469 literaria.
1211 4433 1236 4480 p.
1255 4413 1298 4464 ba.

775 4497 816 4564 (Ἰ)
834 4500 987 4562 Kartum,
1007 4507 1183 4564 experimenta
1202 4513 1228 4554 at
1246 4505 1377 4555 olrrerrat.
1396 4508 1466 4558 circa
1484 4519 1629 4570 regenerat.
1648 4514 1755 4576 ossium,
1773 4515 1860 4566 llarol.
1881 4513 1960 4568 18²4.
1979 4531 2006 4579 p.
2027 4515 2060 4568 ld
2079 4527 2105 4568 at
2124 4517 2166 4571 11.

777 4582 819 4654 (³)
840 4589 1077 4651 Crrrreillrier,
1096 4595 1161 4639 esrai
1180 4609 1224 4641 aur
1241 4590 1330 4642 l'aual.
1349 4595 1449 4657 pallrol.
1486 4597 1557 4645 l'aria
1578 4597 1656 4652 illiti.
1676 4601 1707 4654 Τ,
1728 4603 1764 4654 ll.
1784 4619 1809 4666 p.
1828 4600 1875 4658 ³6.

778 4670 820 4742 (l)
840 4677 979 4738 llielrat,
997 4678 1016 4728 1.
1037 4693 1060 4728 r.
1079 4679 1109 4729 Τ.
1130 4680 1166 4730 ll.
1185 4696 1210 4741 p.
1229 4679 1291 4733 2²⁴„

774 4763 814 4826 (5)
834 4765 971 4826 Scarpr,
990 4773 1058 4817 areat.
1077 4774 1104 4814 at
1120 4769 1222 4828 paraui.
1248 4771 1356 4831 aratura,
1374 4770 1462 4820 'l'ieini
1482 4771 1560 4824 luet.
1586 4791 1612 4837 p.
1632 4775 1695 4830 12⁰.

773 4851 812 4915 (6)
833 4853 992 4914 liciniani,
1009 4855 1028 4904 l.
1043 4870 1067 4902 o.
1088 4854 1184 4914 pm.

774 4941 815 5007 (1)
835 4941 975 5003 Hatera,
995 4943 1014 4993 l.
1033 4957 1057 4992 o.
1076 4958 1101 5003 p.
1122 4941 1182 4994 nti.
1242 4991 1245 4998 .
