4784 5894
475 1635 518 1708 A.
571 1629 643 1708 llll
672 1631 1110 1708 tnnLnMrm'rloNn
1135 1630 1492 1710 exsultem.

892 1999 1025 2066 CAPUT
1047 2003 1072 2066 1.

662 2283 740 2346 DE
784 2280 1304 2349 EXOSTOSIBUS.
1426 2344 1430 2354 ,

178 2561 332 2684 Omissis
354 2617 477 2703 reliquis
500 2619 639 2684 omnibus
662 2619 776 2684 ossium
798 2619 1081 2683 commutationibus
1103 2619 1254 2684 morbosis
1285 2639 1354 2682 oum
1382 2627 1500 2684 tumore
1523 2621 1701 2701 conjunctis,
1723 2621 1781 2689 hoo

177 2743 249 2808 looo
271 2743 394 2806 nomine
417 2743 602 2806 exostosium
624 2761 694 2805 oum
716 2741 829 2804 ossium
851 2741 990 2805 morbum
1012 2741 1162 2821 intelligo,
1184 2742 1236 2824 qui
1263 2741 1374 2804 tumori
1399 2742 1629 2807 inflammatorio
1652 2745 1781 2824 partium

175 2865 312 2930 mollium
335 2864 504 2946 respondet,
527 2863 824 2944 neenecmmejus
846 2856 1088 2926 inflammationis
1111 2863 1225 2926 ossium
1243 2863 1445 2940 exsudativne,
1468 2866 1780 2948 coinonproegressn

174 2997 221 3052 est
243 2987 444 3056 noetinultotis
466 2989 570 3066 laesio,
592 2988 641 3050 vel
664 2988 752 3050 etiem
775 2988 905 3076 monime
926 2987 1041 3050 ossium
1070 2987 1347 3064 oommntolionem,
1380 3007 1469 3070 quam
1504 2987 1706 3052 Gullerier
1727 3009 1779 3052 ex-

175 3113 292 3177 ostoein
313 3131 425 3188 veram,
448 3112 595 3195 Scorpo
617 3112 765 3193 spuriam,
787 3109 824 3174 A.
848 3112 1002 3192 Gooper
1024 3109 1246 3191 cartilaginem
1274 3112 1387 3193 (exosi.
1417 3109 1580 3192 periosteel
1608 3111 1667 3175 ond
1690 3113 1778 3175 eorti-

176 3236 331 3319 lnginone)
353 3237 547 3318 nuncupavit.

334 3361 369 3421 ln
396 3359 531 3441 portibus
552 3359 695 3422 mollibus
717 3359 950 3422 exsulatio-aut
969 3357 1002 3420 fit
1025 3358 1056 3420 in
1079 3359 1310 3440 perenohymete
1333 3361 1438 3440 organi
1461 3359 1643 3436 inflammati,
1665 3367 1724 3436 out,
1746 3368 1780 3424 ut

175 3485 206 3546 in
229 3483 408 3548 membranis
431 3481 551 3560 serosis,
573 3482 604 3543 in
627 3482 800 3562 superficie3
822 3483 854 3544 in
877 3481 996 3546 ossibus
1018 3489 1177 3564 utrumqne
1201 3484 1307 3560 evenit,
1330 3484 1429 3566 itaque
1452 3489 1553 3546 tumor
1564 3485 1641 3546 ossis
1664 3483 1780 3546 iniiam-

175 3607 328 3686 meton'us,
350 3626 374 3670 s.
398 3605 557 3684 exostosis,
579 3605 714 3671 exoritur
735 3606 843 3687 partim
866 3605 961 3686 ipsius
985 3605 1062 3668 ossis
1085 3605 1319 3680 intumescentia,
1342 3605 1450 3684 partim
1473 3607 1596 3668 materie
1619 3607 1649 3666 in
1671 3626 1778 3687 snper-

175 3730 244 3792 lieie
265 3728 418 3794 exeodote.

333 3853 497 3942 Exostoses
519 3853 569 3915 vel
591 3872 608 3914 e
631 3849 790 3933 superficie
820 3855 943 3912 externo
976 3855 1142 3934 assurgunt
1170 3849 1396 3931 (exostoses
1430 3855 1616 3910 externae
1650 3869 1676 3912 s.
1711 3869 1777 3910 ex-

176 3987 331 4042 ostosee
354 3997 471 4042 sensu
493 3973 731 4059 strictiori);
752 3971 965 4038 velineevnm
976 3972 1100 4055 aliquod
1111 3971 1175 4034 ossi
1185 3977 1295 4032 nntnre
1316 3969 1481 4052 proprium,
1501 3971 1615 4034 h.e.in
1636 3973 1779 4038 cavitates

175 4101 363 4178 medrrllores,
386 4099 547 4182 prosiliunt
569 4097 791 4174 (exostoses
814 4094 1024 4180 internae);
1047 4094 1096 4156 vel
1119 4093 1248 4183 denique
1270 4093 1301 4156 in
1325 4113 1431 4156 cavum
1454 4112 1474 4154 a
1494 4093 1631 4177 pluribus
1655 4087 1774 4158 ossibirs

174 4228 402 4302 ooniormotum,
422 4231 456 4286 ut
478 4223 508 4286 in
532 4242 639 4286 oerum
661 4221 763 4298 cranii,
785 4219 891 4302 pelvis,
913 4221 1096 4302 prominent;
1118 4219 1235 4301 quibus,
1259 4237 1438 4300 quemqnam
1460 4235 1516 4297 per
1537 4236 1570 4280 se
1594 4218 1714 4299 quidem
1737 4221 1776 4282 ed

156 4321 330 4436 'exosiores
353 4355 491 4412 extentes
513 4345 694 4422 referendis,
728 4341 983 4407 enostosibus
1016 4341 1141 4404 inditum
1164 4349 1210 4403 est
1231 4359 1351 4404 nomen.
1403 4339 1534 4401 Eaedem
1563 4347 1614 4402 out
1644 4349 1775 4409 mmores

173 4473 317 4554 elfurgnnt
339 4471 411 4580 entis
434 4469 578 4532 distinctis
602 4469 710 4532 linibus
734 4465 984 4546 circumscriptos,
1006 4465 1055 4527 vel
1078 4483 1170 4546 super
1192 4465 1339 4542 mojorem
1361 4462 1453 4525 immo
1481 4461 1531 4524 vel
1563 4469 1659 4526 totum
1682 4463 1776 4528 alieu-

168 4599 222 4677 jos
244 4594 323 4657 oseis
345 4592 487 4656 ambitum
508 4592 712 4672 porriguntur,
735 4609 810 4674 qnos
833 4596 1044 4652 exoetoses
1064 4585 1318 4650 universales
1337 4584 1495 4668 appellant
1516 4584 1582 4672 (Ι).

335 4801 376 4873 (1)
394 4805 532 4854 Exostosee
542 4819 598 4865 ene,
608 4819 675 4865 quoe
685 4809 806 4852 totumne
817 4808 935 4869 cingunt,
954 4802 1027 4866 peri
1036 4815 1051 4849 o
1059 4817 1070 4849 e
1078 4807 1087 4848 t
1095 4813 1129 4849 or
1139 4799 1148 4848 l
1158 4815 1177 4848 n
1185 4815 1211 4848 m
1230 4801 1311 4849 etiem
1321 4801 1428 4848 nomine
1444 4797 1645 4862 appellaverunt
1663 4795 1674 4866 (
1681 4799 1709 4850 Μ
1717 4801 1756 4850 ek
1765 4844 1775 4859 ,

176 4901 232 4950 trel
252 4895 349 4961 parent
367 4897 443 4946 Anat.
462 4893 511 4945 nd.
530 4889 566 4942 ll.
586 4891 664 4940 noth.
684 4889 704 4942 1.
725 4905 751 4954 p.
769 4888 851 4954 ²7⁰),
877 4907 929 4954 qno
954 4891 1046 4940 eodem
1067 4883 1627 4954 nominrlloyer(l.e‚lld.11.p.fl)
1653 4887 1775 4950 perientel

176 4990 303 5051 signifieat
322 4983 529 5034 tumesco-nilum.

1361 5073 1403 5142 13
