4856 5896
243 761 335 826 aare
358 759 581 836 demonstravit,
604 767 691 844 atque
715 759 860 822 Medici
883 759 950 842 (l),
980 761 1032 843 qui
1061 760 1101 822 ad
1129 761 1331 842 expcdnienta
1360 751 1480 826 ossibus
1510 763 1597 826 acido
1624 764 1757 846 partibus
1785 769 1844 828 ter-

244 885 303 948 reis
325 883 459 947 liberatis
482 885 633 962 utebatur,
656 885 691 966 ‚iu
721 883 860 946 omnibus
883 883 1061 948 animalibus
1088 885 1265 948 scammatis
1295 886 1336 948 ita
1366 907 1433 950 sese
1461 888 1570 950 babere
1600 887 1761 954 contendit.
1811 889 1845 950 ln

243 1009 364 1076 samue
386 1013 567 1072 suncturam
588 1007 776 1071 lamellosam
798 1007 896 1070 minus
917 1008 1104 1072 manifestam
1125 1029 1193 1072 esse
1216 1010 1342 1085 invenit3
1365 1011 1489 1091 contigit
1511 1019 1625 1089 tamen,
1649 1019 1683 1074 nt
1705 1033 1845 1094 squamu-

243 1135 290 1198 las
314 1133 639 1214 majores'miuoresvn
661 1139 823 1212 separaret,
844 1150 924 1214 quae
945 1151 1007 1194 non
1030 1139 1108 1195 totas
1131 1134 1315 1196 seinvicem
1338 1134 1517 1213 obtegebant
1547 1143 1635 1217 atque
1667 1136 1845 1218 plerumque

244 1259 277 1322 iu
298 1259 375 1321 fines
396 1263 503 1318 acutos
526 1263 669 1318 exeuntes
691 1255 837 1335 proximis
859 1255 1103 1321 adnectebantur.
1149 1258 1183 1318 ln
1207 1275 1281 1318 eane
1303 1257 1341 1318 ab
1370 1258 1494 1320 humero
1524 1259 1581 1319 tria
1611 1259 1684 1321 tolia
1712 1261 1845 1340 separari

115 1410 119 1418 ·
244 1385 396 1463 poterant,
418 1379 450 1441 ib
471 1379 612 1442 cuniculo
636 1378 706 1456 dno,
735 1379 766 1442 in
787 1379 874 1440 simia
895 1397 988 1441 unum
1010 1387 1139 1453 tantum3
1166 1379 1274 1462 quibus
1297 1381 1436 1442 detractis
1459 1381 1592 1463 reliquus
1615 1384 1714 1462 paries
1737 1402 1844 1444 osseus

246 1504 336 1568 telam
358 1502 515 1566 exhibebat
538 1502 752 1579 densissimam,
775 1521 793 1565 e
816 1503 962 1564 contortis
985 1503 1128 1579 fibrarum
1150 1503 1300 1566 fasciculis
1331 1505 1535 1585 compositam.
1581 1506 1649 1586 lpsn
1672 1506 1745 1568 lolia
1774 1524 1845 1568 con-

244 1635 325 1692 stare
347 1632 433 1708 putat
454 1645 471 1688 e
494 1626 586 1703 tibris
608 1645 686 1708 quae
707 1625 849 1688 brevibus
871 1626 1037 1690 intervallis
1059 1627 1098 1689 ad
1119 1627 1222 1690 varios
1245 1626 1372 1706 augtdcs
1396 1632 1512 1704 entant,
1536 1628 1662 1710 filisque,
1686 1647 1762 1710 quac
1782 1629 1847 1709 ipsa

244 1751 329 1814 tibris
351 1750 412 1814 illis
435 1749 617 1813 continuatis
638 1750 720 1826 fiant
743 1751 820 1811 inter
841 1769 875 1812 se
893 1751 1068 1830 jungantur.

406 1874 453 1936 Ex
475 1874 526 1950 iis,
554 1875 606 1956 qui
633 1873 671 1934 ad
694 1873 922 1972 disquisitiones
947 1872 1129 1938 anatomicos
1152 1874 1324 1938 subtiliores
1356 1876 1559 1957 nicroscopio
1589 1877 1635 1938 usi
1666 1882 1749 1951 sunt,
1778 1895 1848 1936 ossa

246 1959 361 2081 primus
383 1997 421 2060 Α.
443 1997 489 2058 de
510 1995 826 2058 Lecuwenbocc'k
850 1995 922 2096 i²)’
952 2017 1048 2079 eaque
1076 1997 1160 2059 nuilla
1188 2005 1252 2060 arte
1280 2007 1473 2078 praeparata,
1504 2001 1570 2078 ejus
1599 2019 1659 2080 ope
1689 1998 1848 2080 inquisivit.

249 2127 387 2208 Quatuor
409 2120 551 2184 describit
573 2118 822 2182 soramiuulorum
846 2120 977 2200 specics,
1008 2139 1082 2202 quas
1105 2121 1136 2182 in
1158 2121 1327 2203 squamuln,
1356 2143 1374 2182 a
1403 2123 1496 2183 latere
1526 2129 1699 2191 transverso
1727 2121 1849 2182 terrionis

248 2246 350 2309 bovini
378 2245 507 2328 persenti
534 2253 681 2324 separata,
710 2243 895 2318 observavit3
922 2263 1051 2326 quorum
1078 2243 1199 2306 minima
1228 2251 1289 2304 tam
1312 2245 1420 2323 exigua
1443 2252 1527 2306 eraut
1547 2253 1667 2328 tamque
1690 2253 1849 2320 coarctata,

248 2378 283 2433 ut
304 2369 441 2451 dignosci
462 2369 514 2430 vix
535 2375 675 2449 posseut;
702 2367 810 2444 altera,
839 2367 993 2449 aliquanto
1024 2369 1142 2446 majora
1170 2368 1325 2449 magisque
1354 2367 1391 2428 ab
1422 2368 1549 2428 inuicem
1576 2375 1729 2447 separata,
1758 2387 1848 2448 saepe

249 2493 434 2576 apparebant
454 2494 549 2556 instar
570 2489 762 2554 macularum·
778 2492 944 2568 tuscorum,
974 2491 1044 2572 qnia
1067 2491 1208 2554 cavitates
1239 2509 1346 2552 eonem
1373 2490 1551 2552 dissecando
1576 2491 1698 2574 oppleta
1725 2491 1848 2562 sumina

249 2617 351 2693 tertia,
380 2615 487 2678 ceteris
508 2615 604 2677 multo
627 2616 758 2694 majora,
789 2621 873 2676 certo
896 2614 1028 2696 quodam
1051 2614 1157 2676 ordine
1180 2614 1326 2694 disposita
1347 2621 1445 2689 erant,
1468 2621 1512 2690 ct,
1535 2615 1622 2676 sicuti
1644 2635 1717 2676 rasa
1740 2633 1848 2692 magna

249 2740 406 2814 arborum,
428 2737 558 2800 mullos
579 2737 788 2799 concentu-icas
810 2736 1003 2809 exlribebant3
1032 2735 1073 2796 ita
1094 2743 1128 2796 nt
1150 2741 1233 2797 certo
1256 2736 1312 2796 sibi
1335 2735 1529 2816 persuaderet
1553 2747 1675 2812 auctor,
1703 2736 1849 2796 circulum

249 2860 423 2926 tubulormu
445 2878 593 2942 quemque
614 2877 726 2922 nouam
747 2875 814 2920 esse
836 2857 914 2920 ossis
936 2857 1173 2934 concretionem,
1201 2857 1307 2918 eadem
1336 2857 1452 2918 ratione
1482 2865 1571 2940 atquc
1601 2860 1633 2920 in
1665 2859 1849 2938 expansione

249 2985 324 3066 ligni
345 2989 572 3048 accrescmteuu
617 2987 749 3063 Quartae
771 2981 900 3062 denique
921 2981 1033 3062 speciei
1055 2979 1202 3043 foramina
1224 2980 1354 3042 maxirna
1382 2986 1477 3042 erant·
1496 2981 1660 3063 eademque
1688 2981 1848 3042 rarissima.

252 3143 294 3158 -
318 3108 427 3172 Omnia
448 3108 523 3168 llaec
544 3106 691 3168 foramina
712 3104 886 3167 tubulorum
908 3111 1152 3186 aperuuasgesse
1176 3103 1388 3180 arbitrabatur,
1419 3104 1591 3185 ossiumque
1620 3105 1710 3184 igitur
1733 3111 1849 3185 partem

252 3231 382 3298 solidam
404 3252 422 3293 e
444 3229 691 3314 quadruplicibus
714 3235 853 3291 constare
874 3227 995 3304 tubulis,
1019 3227 1184 3290 secundum
1212 3227 1429 3306 longitudinem
1458 3245 1564 3289 eorum
1594 3229 1851 3308 procurrentibus.

253 3359 376 3422 emam
397 3375 434 3418 ea
457 3355 533 3417 duas
556 3354 630 3416 alias
654 3351 826 3414 observavit
847 3350 1021 3414 bubulorum
1043 3351 1168 3432 species,
1191 3351 1355 3414 directione
1378 3352 1530 3413 contraria
1551 3351 1590 3412 ab
1612 3351 1755 3414 interiore
1766 3359 1851 3433 parte

254 3480 368 3546 onium
390 3479 430 3543 ad
452 3477 650 3560 periplieriarn
671 3481 892 3558 procunentes.
1019 3559 1027 3574 ·

413 3605 572 3678 Havers,
606 3601 658 3686 qui
692 3619 764 3664 ossa
799 3598 977 3682 inquirenda
1010 3597 1192 3676 calcitrabat,
1225 3605 1256 3660 et
1288 3598 1457 3674 Reiobel,
1491 3598 1541 3681 qui
1577 3597 1670 3660 acidis
1704 3597 1852 3658 miserali-

255 3729 314 3792 bns
347 3747 384 3790 ea
416 3725 576 3802 emollivit,
609 3723 739 3788 lentibus
772 3721 867 3785 multo
901 3723 1000 3784 minus
1034 3720 1176 3784 wavexis
1198 3722 1245 3782 usi
1268 3739 1334 3783 esse
1361 3719 1514 3794 videntum
1550 3721 1618 3800 pori
1645 3720 1722 3781 enim
1756 3729 1855 3780 nans-

254 3851 336 3916 versi
357 3859 389 3913 et
409 3847 650 3930 lougimdiuales,
672 3865 750 3929 quos
772 3843 857 3927 piior
878 3843 1026 3918 describit,
1049 3844 1173 3906 omnino
1196 3849 1364 3922 congruunt
1386 3861 1454 3903 cum
1477 3843 1562 3902 tertia
1585 3851 1614 3902 ct
1629 3849 1735 3923 quarta
1753 3841 1852 3921 specie

255 3975 430 4040 bibulorum
452 3969 785 4036 Leeuwenboekii.
815 3999 859 4016 ···
894 3966 1109 4048 llowsbipii
1132 3963 1190 4052 (3)
1213 3966 1439 4028 observationes
1461 3965 1695 4045 microscopicae
1717 3967 1780 4027 sere
1803 3985 1853 4028 so-

256 4101 321 4166 lam
342 4101 382 4164 ad
402 4101 459 4164 bos
481 4096 603 4162 canales
625 4089 774 4176 spectant,
804 4111 881 4175 quos
904 4097 964 4152 mm
986 4091 1018 4154 in
1039 4090 1199 4171 superficie
1222 4109 1310 4172 quam
1333 4090 1364 4150 ln
1388 4107 1463 4152 cavo
1486 4085 1644 4150 medullari
1667 4088 1786 4168 aperiri,
1810 4097 1853 4150 at·
1927 4073 1931 4084 ’

257 4244 316 4312 quc
337 4223 502 4288 substantia
524 4220 631 4296 albida,
653 4223 775 4282 octaceo
798 4215 888 4278 simili
910 4211 1028 4296 impleri
1049 4214 1138 4288 vidit;
1167 4233 1254 4290 vasa,
1276 4233 1352 4295 qnae
1374 4209 1604 4293 percurrebant,
1634 4212 1742 4291 exigua
1771 4220 1855 4273 crant

258 4406 575 4426 ψ’*

419 4503 459 4573 (1)
478 4507 619 4567 Medici,
637 4503 789 4567 esperiennr
808 4503 915 4550 intorno
930 4499 985 4547 alla
1004 4499 1124 4548 teasllura
1142 4497 1263 4559 organica
1280 4493 1354 4546 delle
1384 4509 1452 4549 oasa.
1494 4497 1590 4559 Opusc.
1609 4497 1701 4548 scient.
1740 4495 1856 4558 Bologna

261 4599 342 4652 tata
374 4595 409 4650 ἲ.
429 4596 467 4645 ΙΙ.
486 4611 513 4658 p.
531 4595 576 4646 08.
595 4617 631 4632 -
649 4593 688 4642 t't.
707 4591 863 4642 Machala
880 4587 986 4640 amatr.
1006 4587 1054 4641 ut.
1072 4587 1131 4638 vu.
1149 4599 1175 4647 p.
1193 4582 1256 4637 233.

421 4679 462 4746 (2)
481 4685 513 4732 Α.
532 4681 570 4730 de
588 4678 892 4742 Leauueaboeck,
916 4675 1055 4726 anatomia
1073 4690 1094 4726 ι.
1114 4673 1240 4722 interiora
1264 4689 1352 4724 rantra
1370 4687 1418 4738 ope
1437 4674 1554 4724 microsc.
1573 4673 1683 4728 detecta.
1713 4671 1779 4734 Lm.
1796 4671 1856 4726 uu.

260 4775 341 4828 ¹⁶⁰7·
359 4789 385 4837 ¹³·
405 4773 466 4928 ιὲξ)Ι
485 4856 660 4920 uastata,
678 4853 838 4924 neamus·
857 4853 923 4904 liber
940 4853 992 4902 dea
1010 4853 1067 4902 Bau
1085 4849 1270 4904 simonen.
1296 4851 1327 4900 Λ.
1346 4849 1374 4904 d.
1390 4849 1470 4910 M·
1488 4863 1515 4903 V·
1533 4849 1641 4905 amu·
1664 4859 1721 4912 μ’·
1739 4843 1855 4900 ω””’
