4856 5896
1027 572 1079 650 'lb

668 871 700 940 3.
746 872 870 966 'labes
892 875 1039 941 ossium
1059 877 1270 958 pressione
1290 877 1442 944 eiioeta

411 1029 578 1114 Singularis
607 1033 656 1096 bie
683 1034 797 1096 ossium
823 1034 948 1099 morbus
977 1013 1107 1117 primlnm
1136 1057 1156 1099 a
1184 1036 1329 1119 Scarpa
1357 1058 1376 1101 a
1404 1038 1485 1101 carie
1514 1037 1669 1104 distinctum
1698 1047 1786 1125 atque
1815 1045 1852 1106 ab

251 1156 342 1216 Otto
373 1155 506 1220 erosioni
533 1163 744 1220 annumeratus
773 1164 832 1234 est;
862 1179 880 1222 a
902 1179 962 1242 qua
983 1165 1084 1223 utrum
1107 1159 1224 1224 diflerat
1247 1181 1285 1223 an
1308 1181 1375 1224 cum
1399 1181 1435 1224 ea
1457 1169 1615 1244 congruat,
1646 1165 1852 1247 disquisitione

251 1279 429 1342 aeauadori
451 1281 838 1363 anatomico-patbologica
860 1283 1085 1362 dijudicandum
1107 1289 1165 1359 est;
1195 1292 1288 1363 certe,
1322 1305 1416 1369 quum
1445 1295 1542 1350 certas
1570 1289 1715 1371 quasdam
1744 1308 1851 1354 causas

250 1395 393 1467 contnoo
417 1411 626 1487 consequatur,
648 1405 728 1467 baud
749 1413 796 1467 est
818 1406 956 1483 alienum,
978 1407 1149 1488 singulatim
1172 1409 1209 1470 de
1232 1427 1269 1471 eo
1292 1427 1455 1491 exponere.

411 1523 444 1591 si
473 1529 525 1612 qui
553 1535 689 1595 tumores
714 1529 747 1592 in
773 1549 849 1593 cavo
877 1529 996 1594 ossibus
1026 1530 1131 1594 clauso
1155 1531 1295 1610 existunt,
1323 1532 1373 1595 vel
1398 1553 1496 1616 prope
1520 1553 1555 1599 os
1578 1536 1700 1620 aliquod
1722 1539 1763 1600 ita
1784 1545 1854 1602 sunt

253 1651 407 1729 uoluenti,
441 1658 476 1714 ut
503 1653 603 1716 fasciis
632 1653 682 1716 vel
710 1653 928 1718 musculorum
945 1625 1116 1720 tendinibus
1146 1656 1355 1735 cohibeantur,
1389 1675 1449 1739 quo
1472 1659 1570 1722 minus
1593 1679 1660 1723 sese
1683 1663 1853 1738 extendant,

251 1776 416 1840 substantia
445 1795 535 1840 osaea
564 1795 603 1840 eo
631 1777 718 1854 loco,
748 1779 797 1840 cui
820 1777 959 1859 adjacent
980 1785 1121 1857 tumores,
1144 1778 1307 1842 extabescit
1326 1781 1378 1858 ita,
1399 1786 1434 1843 ut
1455 1783 1544 1845 iovea
1566 1784 1733 1862 exoriatur,
1756 1793 1853 1868 utque,

251 1908 584 1981 permanente-*esum
624 1921 660 1965 os
699 1921 825 1983 prorsus
860 1904 1039 1983 perforetur.
1101 1903 1310 1984 Distinguendi
1344 1911 1414 1966 sunt
1447 1904 1485 1967 ab
1518 1905 1564 1969 bis
1598 1908 1716 1970 casibus
1751 1907 1787 1986 ii,
1823 1910 1854 1970 in

252 2025 359 2107 quibus
400 2025 467 2107 ipsa
503 2026 564 2087 tela
604 2045 694 2089 ossea
732 2027 967 2107 metamorphosi
1006 2026 1150 2090 morbose
1183 2035 1323 2108 correpta
1357 2028 1532 2105 destruitur;
1566 2049 1664 2112 neque
1700 2033 1778 2093 enim
1808 2031 1854 2094 ul-

253 2149 364 2214 ceratio
398 2148 629 2231 deprehenditur
662 2149 733 2227 ulla,
772 2169 871 2232 neque
904 2149 1069 2231 particulae
1111 2157 1264 2213 emortuae
1303 2158 1496 2232 separaturum
1540 2158 1574 2214 ut
1619 2153 1782 2233 plurimum
1823 2155 1853 2216 iu

253 2272 378 2335 circuitu
400 2274 461 2336 loci
483 2275 649 2355 compressi
670 2295 766 2355 parvo
789 2274 935 2358 quaedam
957 2273 1141 2337 substantiae
1163 2293 1270 2338 osseae
1292 2293 1397 2337 recens
1420 2276 1565 2338 formatae
1588 2277 1772 2358 conspicitur
1802 2296 1854 2339 co·

252 2397 310 2477 pia,
332 2396 393 2460 leni
414 2398 647 2462 inflammatione
668 2400 824 2480 producta
1042 2387 1049 2396 ’

413 2523 557 2603 Scarpa
569 2523 622 2606 (1)
633 2524 710 2586 banc
723 2525 802 2586 ossis
814 2522 1038 2604 absorptionem
1057 2523 1231 2586 observavit
1246 2525 1277 2585 in
1296 2523 1571 2605 aneurysmatibus3
1594 2524 1625 2586 in
1647 2543 1753 2587 museo
1777 2534 1853 2588 anat.

253 2645 443 2710 berolinensi
470 2665 667 2729 permagnum
696 2654 867 2712 asservatur
889 2667 1069 2727 aneurysma
1091 2655 1195 2710 aoros
1218 2646 1440 2723 descendentis,
1470 2649 1553 2730 quod
1576 2649 1777 2740 extremitates
1799 2670 1855 2729 po-

254 2771 404 2833 steriores
419 2776 571 2832 oostamm
599 2778 724 2834 octavae
752 2771 791 2832 ad
813 2770 1001 2832 undecimam
1022 2769 1055 2830 in
1075 2769 1170 2832 latere
1192 2769 1314 2833 sinistro
1336 2770 1556 2850 perforaverat,
1583 2791 1622 2840 ac
1649 2771 1856 2834 vertebrarum

255 2893 458 2974 adjacentium
480 2913 613 2976 corpora
634 2899 800 2970 arroserat,
826 2911 925 2956 nonae
955 2898 985 2954 et
1015 2891 1147 2954 decimae
1175 2890 1356 2972 corporibus
1378 2910 1505 2972 prorsus
1527 2893 1591 2954 iere
1614 2894 1772 2955 destructis
1794 2891 1856 2974 (2).

254 3017 352 3098 uungi
375 3017 469 3080 durae
490 3017 593 3080 matris
615 3017 696 3079 baud
718 3035 788 3078 raro
810 3015 895 3078 brevi
916 3035 989 3079 ossa
1010 3014 1107 3078 cranii
1128 3022 1339 3096 perrumpunt3
1366 3015 1483 3078 bouis
1510 3013 1564 3097 (3)
1591 3015 1694 3096 plures
1717 3015 1858 3079 describit

255 3161 358 3218 casus,
388 3141 419 3203 in
447 3139 556 3223 quibus
577 3145 725 3202 tumorem
746 3139 868 3204 ossibus
890 3159 953 3202 nou
975 3139 1153 3215 adhaesisse,
1175 3139 1288 3200 cariem
1308 3158 1372 3202 non
1393 3137 1565 3202 ulcerosam
1586 3139 1694 3216 inisse,
1721 3139 1858 3202 distincte

257 3266 381 3339 addidit;
403 3264 545 3326 lanrinam
567 3264 715 3326 internam
737 3266 853 3344 majore
875 3262 988 3324 ambitu
1011 3262 1192 3326 destnrotam
1214 3271 1245 3324 et
1266 3263 1389 3325 materie
1412 3281 1502 3324 ossea
1523 3281 1628 3324 recens
1652 3263 1779 3325 formata
1793 3271 1858 3325 tan·

258 3409 347 3472 quum
376 3389 466 3452 orista
495 3387 650 3452 limitmm
677 3388 778 3452 bruce.
823 3387 1005 3450 'lbmoribus
1033 3386 1162 3466 cysticis,
1191 3386 1230 3449 ad
1254 3406 1332 3464 ossa,
1355 3386 1483 3448 maxime
1506 3386 1615 3462 cranii,
1643 3386 1858 3467 adjacentibus,

201 3547 210 3554 ·
257 3513 428 3576 baudraro
451 3512 550 3575 iubis
573 3513 685 3589 foveas,
709 3511 817 3594 quibus
839 3509 885 3572 illi
906 3509 1090 3586 incumbrmt,
1113 3509 1234 3574 effectas
1257 3509 1401 3572 videmus.
1446 3509 1521 3572 Tale
1544 3509 1617 3591 quid
1641 3509 1799 3572 observavi
1828 3509 1859 3570 in

260 3611 355 3717 puero
379 3636 456 3700 duos
478 3655 575 3700 anuos
597 3644 678 3713 nato,
701 3637 789 3715 cujus
810 3635 842 3696 in
865 3635 972 3710 fronte,
994 3635 1072 3696 inter
1094 3633 1295 3712 perieranium
1318 3639 1348 3694 et
1369 3652 1406 3696 os
1429 3633 1545 3709 frontis,
1568 3632 1765 3710 tuberculum,
1787 3651 1859 3713 pro-

258 3761 326 3841 pria
348 3759 461 3840 cystide
483 3760 641 3838 inclusum,
662 3759 866 3840 magnitudine
889 3757 939 3820 ovi
962 3755 1125 3820 columbini
1147 3763 1285 3818 exortum
1312 3756 1408 3818 iuerat
1437 3753 1505 3838 (l).
1549 3755 1721 3817 Palletta
1749 3753 1800 3834 (5)
1829 3754 1860 3818 iu

258 3885 411 3960 neonatis,
441 3884 491 3966 qui
519 3884 663 3948 abscessu
690 3882 796 3964 capitis
817 3880 985 3962 saugtiinco
1007 3879 1206 3955 decesserant,
1230 3877 1324 3940 erardi
1347 3882 1501 3939 externam
1523 3875 1711 3956 superficiem
1734 3893 1861 3954 orosam,

420 4096 461 4167 (1)
480 4098 606 4164 Scarpa
623 4100 653 4148 iu
670 4097 751 4151 nisu.
769 4097 803 4146 de
821 4097 849 4146 la
866 4111 920 4146 aee.
939 4109 997 4162 roy.
1017 4096 1051 4144 de
1068 4094 1137 4144 non
1155 4093 1187 4147 Τ.
1206 4093 1250 4157 lv,
1268 4091 1340 4143 lim
1357 4100 1383 4140 at
1401 4091 1481 4145 1181.

420 4184 461 4255 (2)
480 4189 554 4238 Coui.
573 4189 597 4237 1.
616 4187 649 4242 G.
667 4186 811 4249 Walter,
829 4185 953 4234 Murcum
970 4192 1040 4236 anat.
1059 4183 1147 4235 Remi.
1167 4180 1247 4235 lim.
1264 4181 1314 4230 No.
1334 4178 1608 4243 roao.-1tuyssn
1633 4171 1775 4244 (obseurat.
1799 4190 1862 4226 aua·

260 4278 498 4344 tornieooebirurg.
516 4277 644 4338 centuria,
661 4276 717 4328 oba.
736 4273 772 4324 d'l
790 4281 816 4323 et
832 4271 880 4336 38)
899 4274 953 4321 duo
969 4273 1071 4320 similia
1088 4270 1164 4320 aflert
1181 4271 1316 4332 exemplu
1335 4284 1448 4334 quorum
1464 4269 1493 4316 iu
1511 4267 1668 4330 posteriore,
1695 4266 1725 4314 iu
1750 4279 1803 4328 quo
1828 4265 1863 4312 ad

259 4371 415 4418 immensum
438 4365 647 4428 magnitudinem
663 4377 819 4427 anerrryrma
835 4367 999 4424 neemerat,
1023 4360 1079 4408 isra
1102 4365 1190 4408 costae
1213 4373 1304 4407 omnes
1327 4373 1389 4406 curn
1406 4364 1493 4405 aterno
1513 4355 1546 4404 ad
1564 4355 1681 4406 nibilum
1697 4353 1819 4404 redactae
1837 4361 1864 4402 et

259 4465 343 4506 toturn
361 4456 416 4504 irre
434 4462 524 4516 pectem
544 4453 578 4502 ab
595 4454 651 4502 iliis
670 4451 833 4501 denudatum
850 4449 910 4502 luit.
945 4448 1027 4497 Aliud
1045 4448 1197 4508 exemplu·
1220 4453 1306 4495 namt
1328 4444 1591 4503 Bodenmtiller3
1617 4451 1734 4492 aternum
1758 4451 1864 4504 prorsus

257 4545 418 4608 absorptum,
436 4549 522 4591 anama
539 4539 717 4604 deumiura
735 4555 798 4590 carru
814 4537 955 4588 clericulis
973 4536 1099 4599 utrinque
1116 4535 1232 4598 plurim
1252 4535 1392 4594 digitorum
1410 4532 1576 4594 longitudine
1594 4537 1695 4593 tergum
1714 4543 1803 4579 versus
1820 4527 1866 4577 de·

258 4640 373 4683 aarum
391 4637 472 4680 arant.
487 4657 493 4666 ·
508 4630 582 4682 cnut.
602 4645 627 4681 r.
645 4629 777 4678 Gracia
794 4635 822 4676 et
838 4626 994 4676 Waltlrer
1009 4623 1120 4673 Journal
1139 4622 1215 4674 Band
1232 4621 1295 4674 ΧΧ.
1314 4637 1338 4683 p.
1357 4618 1421 4674 Μ.

422 4713 464 4782 (θ)
482 4718 604 4780 nourr,
628 4717 675 4766 dea
699 4725 817 4767 tonsura
841 4717 998 4778 {ornamus
1016 4713 1049 4761 dc
1067 4711 1096 4760 la
1114 4712 1179 4760 dure
1197 4707 1284 4774 mire,
1311 4711 1339 4760 in
1363 4709 1443 4758 maiar.
1468 4708 1502 4758 de
1526 4705 1618 4761 l'aoad.
1638 4721 1693 4768 roy.
1712 4703 1746 4752 de
1764 4702 1864 4752 obintr-

259 4809 311 4874 gir.
337 4807 369 4860 'l'.
386 4805 418 4860 V.
437 4805 517 4858 atta.

421 4889 464 4960 (4)
483 4894 557 4943 coni.
576 4894 611 4942 (i.
630 4892 828 4955 bentona,
845 4891 909 4944 diss.
928 4890 962 4939 de
979 4887 1173 4954 pardatropbia.
1209 4885 1299 4939 hrot.
1319 4882 1399 4939 lm.
1417 4900 1444 4949 p.
1461 4882 1508 4938 ⁴1.

426 4976 468 5050 (5)
488 4983 510 5037 1.
529 4983 561 5032 ia.
580 4981 753 5042 Pellem,
768 4980 879 5030 eunii.
897 4979 998 5043 patim.
1016 4977 1129 5029 lllcdiol.
1148 4973 1230 5028 lm.
1249 4989 1274 5039 p.
1295 4972 1356 5028 1²³.

1472 5071 1547 5137 10¹⁸
