4784 5894
966 566 1045 642 aa!

200 797 253 843 aas
276 779 438 862 ‹b'apareot
462 785 552 862 atque
575 779 606 841 in
628 776 859 843 caramlocum
886 795 963 842 sana
984 797 1091 842 ruraua
1112 777 1246 840 medulla
1273 779 1362 841 cadit.
1407 780 1442 840 ln
1463 781 1545 843 callo
1568 799 1688 866 qnoque
1710 783 1806 846 cellae

198 901 380 968 medullam
410 904 602 983 exoriantur,
630 924 667 966 ac
694 902 786 967 simul
816 901 972 966 diminuto.
995 903 1121 966 mmoria
1157 901 1312 966 volmin‘e
1348 902 1461 967 laurirm
1495 915 1652 987 compacta
1685 914 1808 970 externa
1884 932 1888 947 =

200 1029 309 1091 eximit.

357 1153 560 1222 Brescbet,
573 1159 603 1214 et
625 1144 828 1244 villermi,
852 1171 1033 1234 quamquam
1054 1151 1264 1215 tornationem
1288 1151 1358 1214 calli
1380 1172 1442 1215 non
1464 1159 1524 1216 tam
1537 1173 1554 1214 e
1568 1155 1638 1216 solo
1653 1155 1806 1236 periosteo

198 1277 345 1356 originem
368 1275 478 1338 ducem
501 1295 591 1358 qaam
614 1275 692 1337 inter
714 1295 750 1338 os
774 1282 803 1336 et
826 1277 1010 1356 perioataum
1033 1275 1098 1338 lieri
1119 1283 1258 1351 censent,
1281 1275 1311 1337 in
1334 1277 1392 1338 boo
1414 1285 1513 1339 tanim
1526 1279 1717 1340 consentiunt
1739 1299 1807 1340 crim

199 1403 440 1482 Dupuytren,
461 1399 547 1482 quod
570 1398 720 1480 duplicem
743 1418 850 1461 osseae
872 1399 1056 1464 substantiae
1078 1400 1287 1461 formationem
1303 1406 1451 1474 statuuat3
1473 1421 1601 1483 quarum
1620 1403 1723 1477 altera,
1747 1411 1806 1464 tam

200 1526 231 1586 in
255 1523 415 1606 superficie
438 1529 563 1584 externo
585 1542 675 1604 quam
697 1523 731 1584 ia
756 1523 829 1586 tabo
853 1523 1012 1584 medullari
1035 1531 1149 1598 exorta,
1173 1531 1279 1604 postea
1301 1525 1435 1604 disparet
1457 1526 1519 1606 (cal
1542 1525 1740 1608 provisoire),
1764 1528 1809 1588 al-

200 1656 272 1725 tera,
295 1667 373 1731 qnae
395 1648 473 1710 iuter
493 1648 575 1728 ipsas
599 1653 701 1728 partes
723 1647 864 1708 numus
887 1647 1038 1723 exeritur,
1059 1653 1173 1727 perstat
1195 1655 1225 1710 et
1246 1648 1359 1710 sensim
1379 1649 1550 1731 sensimque
1572 1651 1687 1712 tirmior
1710 1651 1809 1712 evadit

200 1771 267 1856 (cal
290 1767 445 1855 definitis).

363 1897 444 1957 Dum
466 1895 540 1957 baec
562 1894 593 1956 in
618 1893 720 1958 Gallia
741 1871 996 1972 observabuntur,
1018 1895 1048 1956 in
1072 1893 1182 1975 Anglia
1204 1895 1395 1976 llowsbip
1419 1895 1476 1980 (1)
1506 1895 1716 1960 formationem
1738 1899 1809 1960 culli

200 2019 407 2102 inquisivarat,
444 2025 475 2081 et
508 2020 540 2080 in
573 2038 610 2080 ea
642 2037 741 2100 neque
774 2018 1006 2092 emollitionem,
1039 2037 1137 2100 osque
1166 2019 1438 2096 bitumescentiam,
1475 2041 1574 2102 neque
1610 2021 1699 2084 aliam
1734 2043 1809 2104 qua-

202 2144 379 2226 lemcunque
417 2132 587 2224 marginum
621 2142 701 2204 osaia
739 2141 977 2222 deprehenderat
1021 2121 1292 2204 commutationem.
1361 2143 1564 2206 Substantiam
1602 2139 1809 2210 intermediam

201 2267 241 2330 ad
273 2267 463 2330 formandum
496 2265 608 2328 callum
641 2265 786 2346 sanguine
819 2265 851 2326 in
884 2265 1019 2346 partibus
1054 2266 1210 2342 mollibus,
1244 2267 1275 2328 in
1305 2267 1403 2330 cellis'
1423 2269 1579 2348 periostei,
1601 2269 1690 2332 ‘inter
1724 2271 1808 2350 ipsos

201 2391 331 2475 denique
352 2391 428 2457 tinea
450 2392 599 2452 tracturae
622 2389 719 2451 effuso
742 2388 855 2452 exoriri
877 2389 1045 2465 arbitrabar,
1068 2409 1157 2472 quem
1181 2398 1354 2452 concretum
1378 2397 1408 2452 et
1429 2392 1582 2472 pigmento
1611 2401 1733 2455 exutum
1752 2391 1809 2455 'va-

203 2517 245 2578 sis
267 2495 387 2590 ἰιιιιιιιίς
417 2515 601 2595 perioateum
622 2513 655 2574 iu
678 2514 836 2596 quotiaco
858 2513 961 2579 omnia
983 2513 1082 2593 prins,
1104 2534 1194 2596 qnam
1216 2514 1247 2574 in
1271 2514 1394 2597 reliquis
1421 2516 1566 2596 partibus,
1589 2519 1676 2593 liant,
1699 2518 1810 2580 sensim

202 2641 234 2702 in
256 2640 461 2720 cartilaginem
483 2637 607 2713 mmmm,
629 2655 720 2718 quam
743 2657 762 2697 a
782 2637 925 2717 qualitate
948 2636 1129 2714 cartilaginis
1158 2637 1319 2716 primariae
1341 2657 1404 2700 non
1435 2639 1622 2720 discrepare,
1644 2660 1701 2704 nec
1724 2641 1810 2704 aliter

204 2771 294 2846 atque
316 2764 402 2840 baiae,
425 2760 508 2824 cavis
530 2760 672 2835 mucosis,
694 2759 869 2824 membrana
890 2758 993 2820 multis
1015 2758 1254 2820 vasisinstruota
1265 2759 1421 2836 obvelatis,
1440 2763 1604 2841 praeditam
1628 2783 1704 2828 esse.
1751 2769 1810 2827 Os·

203 2885 400 2950 sidcabonem
418 2885 548 2968 primum
571 2884 602 2946 iu
624 2882 784 2963 superficie
807 2881 886 2944 ossis
907 2881 987 2956 deri,
1009 2900 1107 2961 prope
1129 2882 1168 2942 ad
1190 2901 1260 2944 eum
1282 2881 1399 2957 locum,
1422 2903 1483 2964 quo
1517 2886 1624 2948 reunia
1654 2887 1733 2950 ossis
1763 2889 1810 2950 su-

203 3019 271 3072 tore
293 3011 339 3086 eit,
360 3015 424 3072 tum
446 3010 477 3070 in
499 3009 626 3072 bumore
649 3009 791 3070 concreto
814 3004 919 3068 tubum
941 3004 1138 3068 medullarem
1161 3005 1325 3083 obsidente,
1349 3013 1438 3090 atque
1460 3027 1499 3070 ex
1520 3009 1565 3072 his
1589 3009 1708 3074 dnobus
1733 3011 1809 3076 locia

204 3155 259 3215 per
281 3139 375 3198 totam
397 3153 527 3197 massam
549 3131 740 3212 coagulatam
762 3129 876 3194 εοιιιιίιιι
897 3128 1071 3212 propagari.

366 3255 589 3342 Medium)
613 3255 724 3336 etipse
738 3254 980 3328 nomadum
1002 3271 1080 3334 qnae
1098 3253 1138 3316 ait
1158 3253 1198 3314 ad
1220 3259 1347 3336 tempus,
1369 3253 1554 3340 alteramque
1577 3267 1810 3340 permanentem,

206 3401 284 3466 quae
305 3381 420 3446 seriore
442 3381 496 3445 fiat
517 3387 670 3462 tempore,
692 3378 861 3460 dubiumne
882 3375 1070 3454 nonaliter,
1091 3383 1183 3459 atque
1206 3379 1405 3442 Brescbet
1427 3387 1458 3443 et
1479 3356 1686 3460 Villae-md,
1709 3393 1810 3465 partae

207 3507 316 3570 molles
338 3508 487 3569 mammae
501 3505 749 3584 eircumJ’acenies
760 3501 908 3564 tumeberi
923 3507 1031 3564 etcum
1043 3501 1195 3581 perioateo
1207 3503 1387 3581 coalescere,
1410 3506 1552 3585 paulatim
1565 3507 1596 3568 in
1611 3507 1811 3585 intervallum,

206 3629 290 3712 quod
311 3632 436 3694 interest
457 3629 536 3692 inter
556 3635 659 3709 partes
680 3627 760 3690 ossis
772 3626 867 3703 tracti,
890 3626 1010 3702 intrare,
1032 3625 1242 3708 marginesque
1264 3629 1429 3705 incanae,
1451 3630 1503 3710 qui
1526 3630 1681 3711 aliquanto
1704 3639 1811 3694 romn-

207 3753 269 3816 dati
290 3755 491 3836 apparabant,
514 3752 673 3833 cooperire
696 3757 837 3832 motaque
858 3768 928 3810 oum
950 3747 1086 3810 medulla
1107 3767 1303 3812 concrescere
1325 3749 1416 3825 vidit3
1437 3770 1510 3813 mox
1534 3753 1722 3818 extrinseoea
1752 3755 1811 3816 cir-

205 3897 275 3942 oma
307 3879 457 3959 margiaaea
490 3878 640 3938 tracturae
670 3873 838 3937 substantia
870 3889 961 3934 ossea
992 3889 1098 3934 reeeua
1132 3871 1339 3949 monebatur,
1377 3891 1454 3956 quae
1495 3892 1565 3936 cum
1603 3881 1722 3938 tumore
1757 3895 1810 3939 ex-

206 4009 310 4082 temo,
332 4003 541 4084 cartilagineo,
564 3996 757 4070 cohaerebam
787 3996 867 4060 iratus
889 3993 1003 4058 canalis
1033 3993 1208 4059 medullaris
1237 3995 1412 4060 obliteratus
1441 3997 1621 4078 apparebat;
1644 3998 1812 4064 substantia

207 4127 390 4206 intermedia,
412 4145 489 4210 quae
511 4126 589 4188 inber
610 4124 693 4204 ipaaa
714 4125 816 4204 partes
838 4119 917 4184 casis
939 4119 1025 4184 tracti
1047 4120 1204 4198 intererat,
1226 4119 1326 4184 adbuc
1347 4120 1448 4184 mollis
1471 4129 1537 4186 erat
1557 4130 1587 4185 et
1609 4124 1812 4206 cartilaginea,

207 4253 366 4336 perspicue
387 4271 461 4316 vero
483 4249 564 4314 vasis
587 4247 651 4312 auia
672 4245 853 4310 cohaerebat
874 4249 935 4308 tam
964 4265 1033 4308 eum
1062 4245 1197 4327 partibus
1227 4241 1371 4308 mollibus
1394 4251 1425 4307 et
1451 4263 1521 4307 cum
1548 4245 1698 4325 medulla,
1721 4269 1812 4332 quam

208 4397 277 4440 cum
299 4377 412 4440 cortice
434 4377 512 4440 ossis
534 4377 709 4455 compacto,
732 4371 820 4450 cujus
842 4368 992 4449 margines
1013 4389 1095 4432 nuno
1118 4369 1237 4432 domm
1266 4368 1406 4432 rarefacti
1435 4373 1525 4452 atque
1554 4371 1654 4434 obtusi
1684 4391 1812 4455 appara-

207 4501 291 4564 bant.
336 4501 418 4562 llaec
439 4501 529 4580 igitur
551 4496 714 4561 ossilicatio
737 4501 783 4558 est
805 4494 844 4556 ad
865 4497 983 4575 tempus
1005 4491 1175 4580 (zeitige
1198 4487 1419 4580 Ossificatlon).
1465 4494 1749 4560 Oasificatloautem
1763 4515 1813 4560 se·

372 4830 416 4902 (1)
433 4835 605 4899 nawrbip,
624 4834 645 4888 l.
663 4847 686 4884 e.
706 4827 815 4900 (lm)
831 4849 858 4898 p.
878 4829 1022 4886 'lb-10⁸.

372 4921 412 4988 (Ἰ)
431 4925 579 4987 Mediae,
598 4923 661 4978 dias,
680 4923 713 4970 de
737 4924 934 4983 mulene
958 4923 1066 4978 malum.
1091 4920 1164 4986 [ipa.
1189 4917 1269 4974 18²8.
1287 4941 1323 4965 ο·
1347 4921 1504 4973 ‘lunatica
1526 4923 1571 4973 la:
1596 4923 1746 4974 mimante
1770 4925 1814 4976 ld:

212 5017 314 5067 Natur·
334 5031 360 5066 ιι.
381 5013 546 5067 ueillucde.
564 5013 685 5064 llraadan
705 5008 785 5064 lant.
803 5010 877 5060 l'ora.
896 5009 947 5060 111.

1399 5113 1442 5178 16
