4768 5894
1371 564 1449 642 ael

611 799 721 846 areae
742 779 953 844 formationem
973 778 1204 842 internamnou
1225 775 1322 856 magis
1343 795 1433 858 quam
1456 781 1607 840 eumenem
1629 776 1662 840 in
1683 776 1867 858 expulsione
1887 775 1967 842 oseis
1995 777 2106 842 veteris
2127 778 2211 859 post

608 913 675 970 ama
697 921 773 982 esse,
793 904 846 970 rix
866 912 915 966 est
935 903 1018 986 qnod
1038 902 1145 964 itonam
1166 900 1311 963 lectorem
1334 900 1607 964 commonefaciam.
1873 979 1876 988 Δ

772 1027 864 1090 Nova
883 1027 974 1107 igitur
994 1025 1161 1090 munnam
1181 1043 1270 1090 ossea
1290 1026 1478 1089 conformata
1500 1033 1529 1087 et
1550 1023 1803 1108 quondamlailum
1814 1026 1958 1106 perlecta
1980 1043 2017 1090 us
2040 1035 2211 1106 peracutum

610 1173 742 1218 messam
765 1134 856 1214 relert
876 1149 1005 1214 solidam
1026 1170 1063 1212 ac
1084 1157 1267 1232 perpetuam,
1288 1167 1367 1247 quae
1387 1149 1496 1231 partim
1518 1169 1557 1212 ex
1578 1168 1661 1214 noro
1682 1169 1752 1214 osae
1774 1149 1871 1231 primo
1883 1149 2124 1217 Quone
2135 1158 2210 1214 term

610 1297 689 1360 pore
710 1277 742 1338 iu
764 1282 888 1338 camena
910 1274 1069 1356 superficie
1091 1275 1229 1350 lonnalo,
1251 1273 1359 1355 partim
1382 1294 1421 1336 ex
1443 1293 1492 1354 eo,
1514 1274 1596 1357 quod
1618 1274 1697 1337 intus
1720 1293 1775 1355 per
1788 1272 2025 1354 grmulatlonem
2048 1281 2211 1338 urtuarca·

610 1403 711 1466 odem
732 1399 929 1462 medullarem
950 1398 1109 1475 obturavit,
1129 1398 1237 1479 partim
1259 1397 1387 1480 denique
1409 1405 1446 1460 dn
1470 1397 1597 1462 residuis
1625 1397 1734 1468 veteris
1764 1395 1857 1474 ossis,
1885 1397 1962 1460 iuter
1983 1375 2141 1480 utriunque
2164 1399 2210 1462 in·

611 1525 771 1612 terpositie,
793 1525 951 1588 moliatur·
994 1524 1030 1585 ln
1052 1541 1096 1598 ea,
1120 1522 1370 1604 quemadmodum
1400 1522 1431 1584 in
1460 1523 1556 1603 prima
1583 1522 1762 1586 formatione
1791 1521 1905 1584 oasirrm
1934 1521 2119 1586 extrinsecus
2149 1524 2210 1586 tola

610 1652 643 1716 in
665 1653 856 1732 compactum
876 1647 1017 1711 corticem
1041 1647 1238 1724 contrahitur,
1267 1647 1346 1710 intus
1375 1665 1449 1710 vero
1479 1665 1554 1708 cava
1575 1646 1753 1710 medullaris
1773 1650 1892 1728 majora
1914 1648 2067 1724 cainum
2098 1648 2143 1712 sic
2169 1667 2210 1712 es

611 1775 719 1838 eadm
740 1772 985 1838 conlonnatiunis
1008 1771 1084 1852 lege,
1105 1771 1182 1832 telae
1205 1771 1318 1834 ossium
1339 1769 1473 1851 propria,
1494 1769 1650 1852 paullatim
1671 1771 1720 1832 laio
1741 1788 1878 1854 qnoque,
1908 1771 1988 1835 intus
2010 1771 2133 1854 singulis
2155 1791 2209 1834 ca-

611 1899 750 1962 naliculis
772 1895 986 1960 modulatibus
1009 1895 1118 1958 sensim
1142 1895 1329 1975 amplificatis
1361 1894 1540 1976 tandemque
1573 1895 1792 1958 confluentibus
1813 1896 1880 1974 (l),
1913 1895 2003 1960 tarbua
2034 1894 2207 1960 amulam

611 2015 797 2107 memmi
813 2039 992 2104 quamquam
1014 2005 1165 2100 nunquam
1188 2019 1236 2082 lrie
1258 2029 1317 2081 tam
1340 2019 1521 2098 compiuuus
1544 2024 1591 2082 est
1611 2039 1701 2102 quam
1721 2019 1811 2094 tubus
1826 2020 1935 2084 veteris
1959 2020 2045 2098 ossis,
2067 2020 2121 2082 sed
2142 2019 2208 2101 pla-

611 2149 736 2230 runique
757 2144 951 2208 solummodo
973 2144 1062 2206 telana
1084 2143 1286 2224 spongiosam,
1309 2142 1469 2206 admodum
1492 2144 1609 2219 lamro,
1642 2144 1747 2217 relenta
1777 2151 1864 2207 extus
1893 2151 1999 2212 cortex
2020 2143 2143 2207 densim
2163 2146 2208 2206 el-

609 2271 744 2353 linpitur,
780 2269 833 2351 qui
864 2276 962 2330 umen
997 2287 1116 2347 sempor
1148 2267 1280 2328 crassior
1311 2273 1411 2328 manet
1439 2287 1528 2349 quam
1557 2266 1587 2330 in
1621 2286 1697 2330 sano
1733 2286 1804 2332 osse
1836 2269 1948 2346 iuerat,
1982 2275 2012 2330 et
2044 2287 2136 2349 saepe
2168 2289 2206 2331 er

609 2395 727 2458 duabus
748 2392 833 2476 quom
855 2391 990 2466 lamirais,
1005 2390 1165 2470 diploiiticn
1187 2388 1315 2470 quadam
1338 2390 1399 2452 tola
1419 2391 1497 2452 inter
1517 2389 1772 2470 seq'uuctisslj,
1807 2393 2005 2456 constituitur.
2049 2395 2128 2456 Dum
2150 2395 2208 2456 liae

609 2515 857 2582 commutationes
880 2513 1019 2589 existunt,
1041 2511 1167 2574 ambitus
1190 2532 1309 2595 quoque
1332 2503 1423 2576 totius
1446 2514 1541 2590 ossis,
1563 2513 1647 2576 initio
1670 2514 1759 2577 valde
1774 2524 1901 2592 'auctum
1934 2516 2090 2580 manifesto
2118 2517 2205 2580 dimi·

609 2641 718 2716 nuitnr,
740 2641 866 2720 ejusque
888 2633 1062 2718 superficias
1085 2636 1275 2716 asperitatem
1297 2635 1402 2698 amittit
1423 2644 1453 2704 et
1475 2635 1651 2719 perpolimr,
1673 2645 1763 2721 amne
1784 2640 1829 2702 sio
1849 2658 1885 2704 os
1907 2647 2113 2722 regeneratum
2134 2661 2205 2722 spe.

608 2783 654 2828 cae
675 2781 751 2826 sano
773 2763 806 2825 in
829 2762 895 2824 dics
914 2760 1041 2824 similius
1063 2759 1170 2822 evadit.
1194 2785 1234 2808 a»
1280 2761 1363 2822 llaec
1385 2779 1460 2824 vero
1481 2769 1541 2823 tam
1561 2763 1696 2844 perlecta
1716 2765 1905 2844 regenormm
1922 2773 1985 2828 nnn
2006 2773 2120 2830 numm
2141 2766 2260 2829 oxi-⁸·-

606 2889 665 2966 stit,
687 2889 714 2952 si
735 2895 843 2950 nature
865 2885 955 2948 nullo
975 2885 1068 2946 modo
1089 2883 1188 2948 noxiis
1208 2883 1273 2946 sive
1296 2885 1426 2948 extemis
1454 2885 1518 2947 sive
1540 2885 1664 2952 internis
1686 2887 1838 2960 turbatum
1859 2888 1960 2972 itaque
1982 2891 2045 2952 lere
2065 2890 2204 2954 nonnisi

606 3013 638 3074 in
660 3011 887 3094 experimentis,
908 3010 939 3070 in
962 3008 1139 3070 animalibus
1161 3008 1258 3084 motis
1278 3008 1438 3072 obscenula
1459 3015 1513 3072 eat.
1557 3009 1592 3071 ln
1610 3012 1797 3091 regensi-ais
1823 3013 1942 3076 ossum
1969 3013 2124 3076 nominum
2151 3033 2201 3076 ne

607 3135 943 3215 moshporpessorum,
967 3139 1055 3214 atque
1076 3133 1107 3194 in
1130 3132 1324 3212 praeparatis,
1347 3151 1424 3215 qaae
1447 3151 1485 3194 ex
1506 3133 1551 3194 liis
1574 3133 1605 3194 iu
1627 3107 1738 3196 masei}
1760 3135 1934 3200 mucules
1956 3136 2084 3200 collecta
2106 3157 2199 3202 asso·

604 3265 722 3336 vantur,
742 3257 958 3338 utplurimum
980 3256 1060 3318 iruna
1089 3255 1280 3320 solummodo
1309 3257 1502 3336 spongiosior
1535 3257 1680 3340 quaedam
1704 3257 1777 3336 tela,
1813 3278 1884 3322 raro
1912 3261 2002 3323 mum
2028 3261 2202 3340 medullaris

605 3383 758 3466 aliquam
780 3380 961 3444 luculentior
983 3380 1228 3462 deprehendimra
1249 3389 1347 3462 nequae
1370 3389 1457 3442 exure
1479 3381 1605 3444 coelicis
1621 3381 1786 3446 substantia
1807 3383 1971 3446 sequundum
1992 3403 2128 3447 normam
2150 3405 2202 3448 so-

603 3505 647 3571 let
668 3507 768 3569 efficta
790 3524 866 3580 ease,
887 3503 941 3567 sod
963 3523 1053 3586 saepe
1075 3504 1136 3566 tela
1158 3503 1323 3583 spongiosa
1344 3510 1374 3564 et
1396 3511 1553 3584 mmpacta
1574 3525 1641 3566 seso
1663 3506 1790 3568 invicem
1813 3505 1897 3570 nulle
1926 3511 2009 3570 uer-ta
2030 3507 2098 3590 loge
2120 3511 2203 3572 exeis

603 3633 704 3714 piunt;
725 3629 874 3692 interdurn
896 3633 990 3692 totuui
1014 3649 1049 3693 os
1073 3628 1205 3690 eburnea
1226 3627 1333 3688 duritie
1356 3635 1409 3703 est,
1432 3647 1470 3688 ex
1492 3647 1551 3710 qua
1574 3629 1611 3690 dc
1634 3629 1917 3712 continuaqnadam
1931 3631 2201 3709 irritationem-

603 3756 645 3820 sis
666 3754 793 3820 munau
816 3753 903 3816 etiam
927 3760 999 3834 post
1020 3754 1147 3832 ejectum
1170 3761 1353 3834 sequestrem
1376 3750 1454 3826 alita,
1477 3751 1617 3815 concludi
1639 3761 1747 3833 potest.

1061 3985 1109 4032 lle
1134 3986 1265 4033 cloacis
1298 4000 1482 4048 earumque
1509 3986 1731 4038 formatione.
1816 4037 1822 4046 ,

764 4123 873 4206 Quoad
895 4121 1029 4184 inclusus
1048 4123 1130 4200 jacet
1152 4130 1320 4204 sequester,
1354 4123 1453 4205 itaque
1475 4126 1652 4206 suppuratio
1681 4125 1815 4188 innovo
1844 4143 1913 4190 osse
1936 4126 2015 4190 intus
2035 4139 2198 4210 permanet,

602 4257 760 4332 aperturae
790 4247 935 4330 quaedam
970 4255 1058 4326 atque
1087 4243 1213 4306 lacunae
1241 4247 1271 4306 in
1300 4246 1359 4310 lioc
1387 4247 1576 4328 reperiuntur
1602 4246 1704 4312 variae
1734 4249 1849 4311 formae
1871 4257 1902 4312 et
1922 4251 2146 4332 magnitudinis,
2178 4274 2199 4316 a

603 4373 839 4436 Weidmann
858 4369 980 4432 nomino
1004 4368 1162 4432 cloacae
1184 4370 1366 4451 appelatus:
1389 4371 1470 4454 quod
1492 4391 1603 4434 nomen
1625 4372 1794 4434 etiamnunc
1816 4373 1897 4455 apud
1918 4391 2022 4438 omnes
2044 4383 2195 4460 receptum

605 4528 926 4546 -1--1——uan—

768 4617 809 4684 (l)
827 4621 891 4669 lloe
918 4620 1077 4668 lomatio-ts
1101 4623 1214 4671 stadium
1232 4623 1260 4670 in
1279 4623 1463 4686 experimentis
1480 4623 1535 4670 araia
1554 4622 1724 4680 neqlexenant
1742 4623 1801 4685 illi,
1826 4625 1872 4688 qui
1889 4625 1972 4674 nulle
1988 4625 2059 4676 illud
2074 4629 2196 4690 mula·

607 4715 707 4762 tionum
732 4718 837 4758 atratum
866 4711 960 4756 emisso
984 4712 1107 4772 sequestri
1134 4713 1259 4760 continuo
1285 4712 1314 4760 ln
1332 4711 1508 4760 membranam
1536 4710 1707 4762 medullarem
1724 4715 1877 4762 commutari
1892 4715 2088 4779 medullamque
2114 4732 2148 4768 ex
2164 4733 2197 4768 ea

611 4801 710 4850 aeterni
729 4799 843 4848 aelumaal
862 4805 932 4848 arisel.

768 4881 809 4954 (2)
829 4885 1069 4950 Cl.lioeler,l.
1089 4902 1112 4939 c.
1131 4903 1157 4950 p.
1176 4886 1273 4939 lli·
1309 4882 1513 4948 Troja,neue
1530 4887 1833 4954 llealraclt.p.di.-
1868 4888 2084 4956 Weldrnaan,
2100 4893 2153 4950 tab.
2171 4894 2194 4950 1.
