<?xml version="1.0" encoding="UTF-8"?>
<!DOCTYPE html PUBLIC "-//W3C//DTD XHTML 1.0 Transitional//EN"
    "http://www.w3.org/TR/xhtml1/DTD/xhtml1-transitional.dtd">
<html xmlns="http://www.w3.org/1999/xhtml" xml:lang="en" lang="en">
 <head>
  <title>
</title>
<meta http-equiv="Content-Type" content="text/html;charset=utf-8" />
  <meta name='ocr-system' content='tesseract 3.04.00' />
  <meta name='ocr-capabilities' content='ocr_page ocr_carea ocr_par ocr_line ocrx_word'/>
</head>
<body>
  <div class='ocr_page' id='page_1' title='image "./deinflammatione00mlgoog_0199.png"; bbox 0 0 4784 5894; ppageno 0'>
   <div class='ocr_carea' id='block_1_1' title="bbox 1384 553 1463 632">
    <p class='ocr_par' dir='ltr' id='par_1_1' title="bbox 1384 553 1463 632">
     <span class='ocr_line' id='line_1_1' title="bbox 1384 553 1463 632; baseline 0.025 -2"><span class='ocrx_word' id='word_1_1' title='bbox 1384 553 1463 632; x_wconf 64' lang='grc' dir='ltr'><em>Μ</em></span> 
     </span>
    </p>
   </div>
   <div class='ocr_carea' id='block_1_2' title="bbox 582 757 2253 3326">
    <p class='ocr_par' dir='ltr' id='par_1_2' title="bbox 620 757 2215 973">
     <span class='ocr_line' id='line_1_2' title="bbox 621 757 2215 858; baseline 0.003 -30"><span class='ocrx_word' id='word_1_2' title='bbox 621 765 739 848; x_wconf 75' lang='lat' dir='ltr'><strong>Quodsi</strong></span> <span class='ocrx_word' id='word_1_3' title='bbox 761 757 852 845; x_wconf 81' lang='lat' dir='ltr'><strong>igitur</strong></span> <span class='ocrx_word' id='word_1_4' title='bbox 873 758 1306 845; x_wconf 62' lang='lat' dir='ltr'><strong>Hubn&#39;sstgreuuiationda</strong></span> <span class='ocrx_word' id='word_1_5' title='bbox 1333 763 1426 830; x_wconf 80' lang='lat' dir='ltr'><strong>vasis&#39;</strong></span> <span class='ocrx_word' id='word_1_6' title='bbox 1443 759 1507 829; x_wconf 75' lang='lat' dir='ltr'><strong>u&#39;on</strong></span> <span class='ocrx_word' id='word_1_7' title='bbox 1536 761 1702 832; x_wconf 78' lang='lat' dir='ltr'><strong>instructas·</strong></span> <span class='ocrx_word' id='word_1_8' title='bbox 1726 763 1795 834; x_wconf 61' lang='lat' dir='ltr'><strong>esse</strong></span> <span class='ocrx_word' id='word_1_9' title='bbox 1816 761 1932 849; x_wconf 68' lang='lat' dir='ltr'><strong>asserit‘</strong></span> <span class='ocrx_word' id='word_1_10' title='bbox 1952 775 2069 840; x_wconf 81' lang='lat' dir='ltr'><strong>seriore</strong></span> <span class='ocrx_word' id='word_1_11' title='bbox 2090 781 2215 858; x_wconf 76' lang='lat' dir='ltr'><strong>tempore</strong></span> 
     </span>
     <span class='ocr_line' id='line_1_3' title="bbox 620 888 2052 973; baseline 0 -21"><span class='ocrx_word' id='word_1_12' title='bbox 620 888 723 952; x_wconf 85' lang='lat' dir='ltr'><strong>bioin</strong></span> <span class='ocrx_word' id='word_1_13' title='bbox 745 909 797 952; x_wconf 86' lang='lat' dir='ltr'><strong>eas</strong></span> <span class='ocrx_word' id='word_1_14' title='bbox 819 893 939 956; x_wconf 75' lang='lat' dir='ltr'><strong>videtin</strong></span> <span class='ocrx_word' id='word_1_15' title='bbox 960 891 1158 973; x_wconf 78' lang='lat' dir='ltr'><strong>inquisivisse.</strong></span> <span class='ocrx_word' id='word_1_16' title='bbox 1404 917 1407 929; x_wconf 88' lang='lat'>·</span> <span class='ocrx_word' id='word_1_17' title='bbox 1626 911 1629 922; x_wconf 93' lang='lat'>·</span> <span class='ocrx_word' id='word_1_18' title='bbox 1678 907 1785 940; x_wconf 82' lang='lat'>···=</span> <span class='ocrx_word' id='word_1_19' title='bbox 1828 907 1834 918; x_wconf 78' lang='grc'><em>·</em></span> <span class='ocrx_word' id='word_1_20' title='bbox 1923 903 1972 932; x_wconf 65' lang='grc'><strong>·’··</strong></span> <span class='ocrx_word' id='word_1_21' title='bbox 2040 907 2052 939; x_wconf 70' lang='lat'>²</span> 
     </span>
    </p>

    <p class='ocr_par' dir='ltr' id='par_1_3' title="bbox 619 1015 2221 2090">
     <span class='ocr_line' id='line_1_4' title="bbox 781 1015 2217 1102; baseline 0.006 -23"><span class='ocrx_word' id='word_1_22' title='bbox 781 1015 850 1079; x_wconf 89' lang='lat' dir='ltr'><strong>Nisi</strong></span> <span class='ocrx_word' id='word_1_23' title='bbox 870 1016 996 1096; x_wconf 80' lang='lat' dir='ltr'><strong>vulgare</strong></span> <span class='ocrx_word' id='word_1_24' title='bbox 1017 1015 1076 1077; x_wconf 88' lang='lat' dir='ltr'><strong>boc</strong></span> <span class='ocrx_word' id='word_1_25' title='bbox 1099 1021 1179 1077; x_wconf 88' lang='lat' dir='ltr'><strong>esset</strong></span> <span class='ocrx_word' id='word_1_26' title='bbox 1200 1021 1231 1076; x_wconf 88' lang='lat' dir='ltr'><strong>et</strong></span> <span class='ocrx_word' id='word_1_27' title='bbox 1252 1015 1316 1076; x_wconf 84' lang='lat' dir='ltr'><strong>iere</strong></span> <span class='ocrx_word' id='word_1_28' title='bbox 1338 1015 1554 1097; x_wconf 89' lang='lat' dir='ltr'><strong>quotidianum,</strong></span> <span class='ocrx_word' id='word_1_29' title='bbox 1578 1015 1617 1077; x_wconf 87' lang='lat' dir='ltr'><strong>de</strong></span> <span class='ocrx_word' id='word_1_30' title='bbox 1638 1016 1676 1078; x_wconf 86' lang='lat' dir='ltr'><strong>iis</strong></span> <span class='ocrx_word' id='word_1_31' title='bbox 1698 1019 1800 1096; x_wconf 89' lang='lat' dir='ltr'><strong>etiam,</strong></span> <span class='ocrx_word' id='word_1_32' title='bbox 1834 1039 1912 1102; x_wconf 87' lang='lat' dir='ltr'><strong>quae</strong></span> <span class='ocrx_word' id='word_1_33' title='bbox 1940 1019 1970 1082; x_wconf 91' lang='lat' dir='ltr'><strong>in</strong></span> <span class='ocrx_word' id='word_1_34' title='bbox 1993 1023 2105 1086; x_wconf 77' lang='lat' dir='ltr'><strong>omrlos</strong></span> <span class='ocrx_word' id='word_1_35' title='bbox 2125 1023 2217 1088; x_wconf 76' lang='lat' dir='ltr'><strong>tumr-</strong></span> 
     </span>
     <span class='ocr_line' id='line_1_5' title="bbox 622 1137 2217 1230; baseline 0.004 -26"><span class='ocrx_word' id='word_1_36' title='bbox 622 1148 691 1204; x_wconf 85' lang='lat' dir='ltr'><strong>rant</strong></span> <span class='ocrx_word' id='word_1_37' title='bbox 718 1148 748 1204; x_wconf 87' lang='lat' dir='ltr'><strong>et</strong></span> <span class='ocrx_word' id='word_1_38' title='bbox 777 1157 868 1202; x_wconf 90' lang='lat' dir='ltr'><strong>mauu</strong></span> <span class='ocrx_word' id='word_1_39' title='bbox 894 1142 959 1202; x_wconf 83' lang='lat' dir='ltr'><strong>iere</strong></span> <span class='ocrx_word' id='word_1_40' title='bbox 981 1141 1076 1202; x_wconf 88' lang='lat' dir='ltr'><strong>teneri</strong></span> <span class='ocrx_word' id='word_1_41' title='bbox 1099 1139 1232 1220; x_wconf 84' lang='lat' dir='ltr'><strong>possint,</strong></span> <span class='ocrx_word' id='word_1_42' title='bbox 1260 1137 1461 1202; x_wconf 67' lang='lat' dir='ltr'><strong>dubitationes</strong></span> <span class='ocrx_word' id='word_1_43' title='bbox 1485 1141 1613 1216; x_wconf 85' lang='lat' dir='ltr'><strong>moveri,</strong></span> <span class='ocrx_word' id='word_1_44' title='bbox 1642 1141 1812 1204; x_wconf 89' lang='lat' dir='ltr'><strong>mirandum</strong></span> <span class='ocrx_word' id='word_1_45' title='bbox 1834 1144 1924 1224; x_wconf 90' lang='lat' dir='ltr'><strong>plane</strong></span> <span class='ocrx_word' id='word_1_46' title='bbox 1946 1147 2033 1220; x_wconf 82' lang='lat' dir='ltr'><strong>toret,</strong></span> <span class='ocrx_word' id='word_1_47' title='bbox 2057 1149 2137 1230; x_wconf 88' lang='lat' dir='ltr'><strong>quod</strong></span> <span class='ocrx_word' id='word_1_48' title='bbox 2156 1150 2217 1212; x_wconf 85' lang='lat' dir='ltr'><strong>t&#39;ue-</strong></span> 
     </span>
     <span class='ocr_line' id='line_1_6' title="bbox 621 1262 2217 1356; baseline 0.003 -27"><span class='ocrx_word' id='word_1_49' title='bbox 621 1271 706 1342; x_wconf 89' lang='lat' dir='ltr'><strong>ruut,</strong></span> <span class='ocrx_word' id='word_1_50' title='bbox 734 1265 814 1348; x_wconf 87' lang='lat' dir='ltr'><strong>iique</strong></span> <span class='ocrx_word' id='word_1_51' title='bbox 836 1263 917 1326; x_wconf 88' lang='lat' dir='ltr'><strong>baud</strong></span> <span class='ocrx_word' id='word_1_52' title='bbox 940 1262 1151 1326; x_wconf 89' lang='lat' dir='ltr'><strong>contemnendi</strong></span> <span class='ocrx_word' id='word_1_53' title='bbox 1172 1271 1298 1324; x_wconf 80' lang='lat' dir='ltr'><strong>namrae</strong></span> <span class='ocrx_word' id='word_1_54' title='bbox 1326 1271 1581 1344; x_wconf 84' lang='lat' dir='ltr'><strong>perscmtatures,</strong></span> <span class='ocrx_word' id='word_1_55' title='bbox 1609 1272 1643 1327; x_wconf 91' lang='lat' dir='ltr'><strong>ut</strong></span> <span class='ocrx_word' id='word_1_56' title='bbox 1664 1266 1791 1330; x_wconf 80' lang='lat' dir='ltr'><strong>Fabre</strong></span> <span class='ocrx_word' id='word_1_57' title='bbox 1814 1267 1868 1350; x_wconf 70' lang='lat'><strong>(²)</strong></span> <span class='ocrx_word' id='word_1_58' title='bbox 1891 1275 1922 1331; x_wconf 91' lang='lat' dir='ltr'><strong>et</strong></span> <span class='ocrx_word' id='word_1_59' title='bbox 1943 1271 2061 1333; x_wconf 89' lang='lat' dir='ltr'><strong>Louis</strong></span> <span class='ocrx_word' id='word_1_60' title='bbox 2085 1271 2150 1356; x_wconf 77' lang='lat'><strong>(³),</strong></span> <span class='ocrx_word' id='word_1_61' title='bbox 2170 1273 2217 1356; x_wconf 87' lang='lat' dir='ltr'><strong>qni</strong></span> 
     </span>
     <span class='ocr_line' id='line_1_7' title="bbox 619 1387 2220 1478; baseline 0.004 -26"><span class='ocrx_word' id='word_1_62' title='bbox 619 1391 652 1452; x_wconf 85' lang='lat' dir='ltr'><strong>in</strong></span> <span class='ocrx_word' id='word_1_63' title='bbox 674 1389 849 1452; x_wconf 83' lang='lat' dir='ltr'><strong>vulneribus</strong></span> <span class='ocrx_word' id='word_1_64' title='bbox 872 1389 1108 1469; x_wconf 83' lang='lat' dir='ltr'><strong>suppurantibus</strong></span> <span class='ocrx_word' id='word_1_65' title='bbox 1129 1405 1241 1450; x_wconf 88' lang='lat' dir='ltr'><strong>novam</strong></span> <span class='ocrx_word' id='word_1_66' title='bbox 1262 1387 1459 1451; x_wconf 86' lang='lat' dir='ltr'><strong>substantiam</strong></span> <span class='ocrx_word' id='word_1_67' title='bbox 1478 1407 1612 1471; x_wconf 85' lang='lat' dir='ltr'><strong>uuquam</strong></span> <span class='ocrx_word' id='word_1_68' title='bbox 1624 1392 1748 1452; x_wconf 60' lang='lat' dir='ltr'><strong>minari</strong></span> <span class='ocrx_word' id='word_1_69' title='bbox 1760 1393 1905 1471; x_wconf 76' lang='lat' dir='ltr'><strong>negarint</strong></span> <span class='ocrx_word' id='word_1_70' title='bbox 1950 1394 1988 1455; x_wconf 84' lang='lat' dir='ltr'><strong>iii</strong></span> <span class='ocrx_word' id='word_1_71' title='bbox 2011 1395 2099 1471; x_wconf 84' lang='lat' dir='ltr'><strong>enim,</strong></span> <span class='ocrx_word' id='word_1_72' title='bbox 2121 1413 2220 1478; x_wconf 87' lang='lat' dir='ltr'><strong>qnem-</strong></span> 
     </span>
     <span class='ocr_line' id='line_1_8' title="bbox 621 1511 2220 1600; baseline 0.003 -24"><span class='ocrx_word' id='word_1_73' title='bbox 621 1514 784 1576; x_wconf 88' lang='lat' dir='ltr'><strong>admodum</strong></span> <span class='ocrx_word' id='word_1_74' title='bbox 813 1514 901 1576; x_wconf 88' lang='lat' dir='ltr'><strong>etiam</strong></span> <span class='ocrx_word' id='word_1_75' title='bbox 931 1512 1140 1574; x_wconf 84' lang='lat' dir='ltr'><strong>Bertraudi</strong></span> <span class='ocrx_word' id='word_1_76' title='bbox 1164 1511 1216 1587; x_wconf 80' lang='lat' dir='ltr'><strong>(t)</strong></span> <span class='ocrx_word' id='word_1_77' title='bbox 1247 1517 1277 1573; x_wconf 84' lang='lat' dir='ltr'><strong>et</strong></span> <span class='ocrx_word' id='word_1_78' title='bbox 1304 1512 1456 1574; x_wconf 76' lang='lat' dir='ltr'><strong>Bezoiit</strong></span> <span class='ocrx_word' id='word_1_79' title='bbox 1478 1512 1546 1592; x_wconf 78' lang='lat'><strong>(5),</strong></span> <span class='ocrx_word' id='word_1_80' title='bbox 1578 1515 1746 1589; x_wconf 77' lang='lat' dir='ltr'><strong>emaciatis,</strong></span> <span class='ocrx_word' id='word_1_81' title='bbox 1775 1515 1915 1579; x_wconf 85' lang='lat' dir='ltr'><strong>uiceratis</strong></span> <span class='ocrx_word' id='word_1_82' title='bbox 1938 1517 2067 1600; x_wconf 84' lang='lat' dir='ltr'><strong>indeque</strong></span> <span class='ocrx_word' id='word_1_83' title='bbox 2086 1519 2220 1582; x_wconf 87' lang='lat' dir='ltr'><strong>demissis</strong></span> 
     </span>
     <span class='ocr_line' id='line_1_9' title="bbox 621 1635 2221 1727; baseline 0.004 -26"><span class='ocrx_word' id='word_1_84' title='bbox 621 1638 781 1702; x_wconf 78' lang='lat' dir='ltr'><strong>vulnerum</strong></span> <span class='ocrx_word' id='word_1_85' title='bbox 802 1638 891 1700; x_wconf 87' lang='lat' dir='ltr'><strong>labiis</strong></span> <span class='ocrx_word' id='word_1_86' title='bbox 914 1637 1099 1698; x_wconf 86' lang='lat' dir='ltr'><strong>contendunt</strong></span> <span class='ocrx_word' id='word_1_87' title='bbox 1120 1635 1214 1710; x_wconf 83' lang='lat' dir='ltr'><strong>effici,</strong></span> <span class='ocrx_word' id='word_1_88' title='bbox 1241 1644 1275 1697; x_wconf 94' lang='lat' dir='ltr'><strong>ut</strong></span> <span class='ocrx_word' id='word_1_89' title='bbox 1296 1653 1377 1698; x_wconf 88' lang='lat' dir='ltr'><strong>nova</strong></span> <span class='ocrx_word' id='word_1_90' title='bbox 1398 1635 1564 1698; x_wconf 88' lang='lat' dir='ltr'><strong>substantia</strong></span> <span class='ocrx_word' id='word_1_91' title='bbox 1586 1639 1660 1699; x_wconf 84' lang='lat' dir='ltr'><strong>baec</strong></span> <span class='ocrx_word' id='word_1_92' title='bbox 1682 1638 1801 1718; x_wconf 84' lang='lat' dir='ltr'><strong>impleri</strong></span> <span class='ocrx_word' id='word_1_93' title='bbox 1821 1640 1994 1717; x_wconf 68' lang='lat' dir='ltr'><strong>uideantur,</strong></span> <span class='ocrx_word' id='word_1_94' title='bbox 2022 1660 2221 1727; x_wconf 75' lang='lat' dir='ltr'><strong>vasorumque</strong></span> 
     </span>
     <span class='ocr_line' id='line_1_10' title="bbox 621 1759 2219 1846; baseline 0.003 -20"><span class='ocrx_word' id='word_1_95' title='bbox 621 1763 697 1826; x_wconf 78' lang='lat' dir='ltr'><strong>fines</strong></span> <span class='ocrx_word' id='word_1_96' title='bbox 720 1764 762 1823; x_wconf 89' lang='lat' dir='ltr'><strong>ita</strong></span> <span class='ocrx_word' id='word_1_97' title='bbox 783 1762 909 1841; x_wconf 88' lang='lat' dir='ltr'><strong>propius</strong></span> <span class='ocrx_word' id='word_1_98' title='bbox 933 1760 1121 1821; x_wconf 80' lang='lat' dir='ltr'><strong>adinvicem</strong></span> <span class='ocrx_word' id='word_1_99' title='bbox 1144 1759 1321 1821; x_wconf 88' lang='lat' dir='ltr'><strong>accedentes</strong></span> <span class='ocrx_word' id='word_1_100' title='bbox 1343 1765 1475 1822; x_wconf 77' lang='lat' dir='ltr'><strong>tartense</strong></span> <span class='ocrx_word' id='word_1_101' title='bbox 1499 1779 1703 1824; x_wconf 77' lang='lat' dir='ltr'><strong>concrescere.</strong></span> <span class='ocrx_word' id='word_1_102' title='bbox 1749 1763 1852 1844; x_wconf 87' lang='lat' dir='ltr'><strong>itaque</strong></span> <span class='ocrx_word' id='word_1_103' title='bbox 1875 1765 2009 1840; x_wconf 86' lang='lat' dir='ltr'><strong>Louis,</strong></span> <span class='ocrx_word' id='word_1_104' title='bbox 2038 1766 2087 1846; x_wconf 89' lang='lat' dir='ltr'><strong>qui</strong></span> <span class='ocrx_word' id='word_1_105' title='bbox 2107 1787 2219 1830; x_wconf 80' lang='lat' dir='ltr'><strong>novam</strong></span> 
     </span>
     <span class='ocr_line' id='line_1_11' title="bbox 621 1883 2220 1972; baseline 0.003 -23"><span class='ocrx_word' id='word_1_106' title='bbox 621 1886 817 1950; x_wconf 88' lang='lat' dir='ltr'><strong>substantiam</strong></span> <span class='ocrx_word' id='word_1_107' title='bbox 841 1884 965 1946; x_wconf 78' lang='lat' dir='ltr'><strong>formari</strong></span> <span class='ocrx_word' id='word_1_108' title='bbox 988 1883 1119 1956; x_wconf 88' lang='lat' dir='ltr'><strong>credant,</strong></span> <span class='ocrx_word' id='word_1_109' title='bbox 1147 1883 1368 1962; x_wconf 85' lang='lat' dir='ltr'><strong>comparandos</strong></span> <span class='ocrx_word' id='word_1_110' title='bbox 1392 1884 1464 1944; x_wconf 86' lang='lat' dir='ltr'><strong>dicit</strong></span> <span class='ocrx_word' id='word_1_111' title='bbox 1485 1883 1533 1964; x_wconf 83' lang='lat' dir='ltr'><strong>iis,</strong></span> <span class='ocrx_word' id='word_1_112' title='bbox 1561 1886 1612 1966; x_wconf 91' lang='lat' dir='ltr'><strong>qui</strong></span> <span class='ocrx_word' id='word_1_113' title='bbox 1635 1886 1705 1946; x_wconf 88' lang='lat' dir='ltr'><strong>navi</strong></span> <span class='ocrx_word' id='word_1_114' title='bbox 1733 1887 1957 1966; x_wconf 84' lang='lat' dir='ltr'><strong>proficiscentes</strong></span> <span class='ocrx_word' id='word_1_115' title='bbox 1978 1888 2068 1950; x_wconf 83' lang='lat' dir='ltr'><strong>litora</strong></span> <span class='ocrx_word' id='word_1_116' title='bbox 2089 1901 2220 1972; x_wconf 84' lang='lat' dir='ltr'><strong>praeter-</strong></span> 
     </span>
     <span class='ocr_line' id='line_1_12' title="bbox 621 2010 886 2090; baseline -0.015 -18"><span class='ocrx_word' id='word_1_117' title='bbox 621 2010 693 2072; x_wconf 88' lang='lat' dir='ltr'><strong>ierri</strong></span> <span class='ocrx_word' id='word_1_118' title='bbox 715 2010 886 2090; x_wconf 88' lang='lat' dir='ltr'><strong>opinentur.</strong></span> 
     </span>
    </p>

    <p class='ocr_par' dir='ltr' id='par_1_4' title="bbox 582 2127 2220 3204">
     <span class='ocr_line' id='line_1_13' title="bbox 782 2127 2220 2215; baseline 0.008 -23"><span class='ocrx_word' id='word_1_119' title='bbox 782 2131 843 2192; x_wconf 85' lang='lat' dir='ltr'><strong>Sed</strong></span> <span class='ocrx_word' id='word_1_120' title='bbox 867 2130 1001 2212; x_wconf 82' lang='lat' dir='ltr'><strong>quamvis</strong></span> <span class='ocrx_word' id='word_1_121' title='bbox 1025 2127 1180 2208; x_wconf 73' lang='lat' dir='ltr'><strong>qicrmuitis</strong></span> <span class='ocrx_word' id='word_1_122' title='bbox 1204 2129 1461 2210; x_wconf 83' lang='lat' dir='ltr'><strong>disquisitionibus</strong></span> <span class='ocrx_word' id='word_1_123' title='bbox 1490 2137 1573 2193; x_wconf 89' lang='lat' dir='ltr'><strong>certo</strong></span> <span class='ocrx_word' id='word_1_124' title='bbox 1604 2137 1735 2207; x_wconf 86' lang='lat' dir='ltr'><strong>constet,</strong></span> <span class='ocrx_word' id='word_1_125' title='bbox 1766 2139 1796 2194; x_wconf 89' lang='lat' dir='ltr'><strong>et</strong></span> <span class='ocrx_word' id='word_1_126' title='bbox 1819 2134 1993 2215; x_wconf 88' lang='lat' dir='ltr'><strong>quotidiano</strong></span> <span class='ocrx_word' id='word_1_127' title='bbox 2015 2153 2089 2212; x_wconf 86' lang='lat' dir='ltr'><strong>usn,</strong></span> <span class='ocrx_word' id='word_1_128' title='bbox 2117 2156 2220 2204; x_wconf 80' lang='lat' dir='ltr'><strong>recens</strong></span> 
     </span>
     <span class='ocr_line' id='line_1_14' title="bbox 621 2253 2220 2345; baseline -0.004 -21"><span class='ocrx_word' id='word_1_129' title='bbox 621 2255 779 2324; x_wconf 77' lang='lat' dir='ltr'><strong>scrutanda</strong></span> <span class='ocrx_word' id='word_1_130' title='bbox 806 2253 972 2317; x_wconf 84' lang='lat' dir='ltr'><strong>substantia</strong></span> <span class='ocrx_word' id='word_1_131' title='bbox 1003 2253 1145 2331; x_wconf 80' lang='lat' dir='ltr'><strong>organica</strong></span> <span class='ocrx_word' id='word_1_132' title='bbox 1176 2253 1426 2314; x_wconf 87' lang='lat' dir='ltr'><strong>cicatrisationem</strong></span> <span class='ocrx_word' id='word_1_133' title='bbox 1449 2255 1569 2334; x_wconf 89' lang='lat' dir='ltr'><strong>pertici,</strong></span> <span class='ocrx_word' id='word_1_134' title='bbox 1599 2256 1743 2318; x_wconf 71' lang='lat' dir='ltr'><strong>certiores</strong></span> <span class='ocrx_word' id='word_1_135' title='bbox 1757 2257 1832 2318; x_wconf 82' lang='lat' dir='ltr'><strong>&#39;fleri</strong></span> <span class='ocrx_word' id='word_1_136' title='bbox 1854 2259 2020 2338; x_wconf 65' lang='lat' dir='ltr'><strong>possimus,</strong></span> <span class='ocrx_word' id='word_1_137' title='bbox 2047 2265 2147 2324; x_wconf 90' lang='lat' dir='ltr'><strong>tamen</strong></span> <span class='ocrx_word' id='word_1_138' title='bbox 2169 2283 2220 2345; x_wconf 80' lang='lat' dir='ltr'><strong>pn.</strong></span> 
     </span>
     <span class='ocr_line' id='line_1_15' title="bbox 621 2375 2219 2462; baseline 0 -13"><span class='ocrx_word' id='word_1_139' title='bbox 621 2405 688 2449; x_wconf 91' lang='lat' dir='ltr'><strong>rum</strong></span> <span class='ocrx_word' id='word_1_140' title='bbox 713 2383 870 2461; x_wconf 83' lang='lat' dir='ltr'><strong>bucusque</strong></span> <span class='ocrx_word' id='word_1_141' title='bbox 897 2377 1045 2438; x_wconf 84' lang='lat' dir='ltr'><strong>illustrata</strong></span> <span class='ocrx_word' id='word_1_142' title='bbox 1072 2383 1118 2437; x_wconf 86' lang='lat' dir='ltr'><strong>cst</strong></span> <span class='ocrx_word' id='word_1_143' title='bbox 1138 2375 1327 2437; x_wconf 78' lang='lat' dir='ltr'><strong>formationis</strong></span> <span class='ocrx_word' id='word_1_144' title='bbox 1350 2376 1431 2438; x_wconf 84' lang='lat' dir='ltr'><strong>iilius</strong></span> <span class='ocrx_word' id='word_1_145' title='bbox 1453 2378 1542 2439; x_wconf 89' lang='lat' dir='ltr'><strong>ratio.</strong></span> <span class='ocrx_word' id='word_1_146' title='bbox 1585 2379 1620 2439; x_wconf 90' lang='lat' dir='ltr'><strong>ln</strong></span> <span class='ocrx_word' id='word_1_147' title='bbox 1642 2380 1815 2442; x_wconf 84' lang='lat' dir='ltr'><strong>universum</strong></span> <span class='ocrx_word' id='word_1_148' title='bbox 1845 2381 1922 2442; x_wconf 91' lang='lat' dir='ltr'><strong>duae</strong></span> <span class='ocrx_word' id='word_1_149' title='bbox 1944 2382 2133 2462; x_wconf 87' lang='lat' dir='ltr'><strong>potissimum</strong></span> <span class='ocrx_word' id='word_1_150' title='bbox 2154 2407 2219 2450; x_wconf 89' lang='lat' dir='ltr'><strong>sen-</strong></span> 
     </span>
     <span class='ocr_line' id='line_1_16' title="bbox 582 2499 2218 2582; baseline 0.001 -10"><span class='ocrx_word' id='word_1_151' title='bbox 582 2527 592 2546; x_wconf 83' lang='lat'><strong><em>¹</em></strong></span> <span class='ocrx_word' id='word_1_152' title='bbox 623 2507 732 2573; x_wconf 77' lang='lat' dir='ltr'><strong>tentiae</strong></span> <span class='ocrx_word' id='word_1_153' title='bbox 756 2524 823 2566; x_wconf 87' lang='lat' dir='ltr'><strong>sese</strong></span> <span class='ocrx_word' id='word_1_154' title='bbox 846 2501 975 2563; x_wconf 77' lang='lat' dir='ltr'><strong>offerunt</strong></span> <span class='ocrx_word' id='word_1_155' title='bbox 999 2499 1228 2572; x_wconf 63' lang='lat' dir='ltr'><strong>examinandam</strong></span> <span class='ocrx_word' id='word_1_156' title='bbox 1251 2500 1360 2560; x_wconf 88' lang='lat' dir='ltr'><strong>etenim</strong></span> <span class='ocrx_word' id='word_1_157' title='bbox 1372 2507 1425 2560; x_wconf 88' lang='lat' dir='ltr'><strong>aut</strong></span> <span class='ocrx_word' id='word_1_158' title='bbox 1446 2501 1630 2563; x_wconf 87' lang='lat' dir='ltr'><strong>incremento</strong></span> <span class='ocrx_word' id='word_1_159' title='bbox 1654 2503 1784 2582; x_wconf 87' lang='lat' dir='ltr'><strong>partium</strong></span> <span class='ocrx_word' id='word_1_160' title='bbox 1807 2503 1953 2581; x_wconf 80' lang='lat' dir='ltr'><strong>vivarum,</strong></span> <span class='ocrx_word' id='word_1_161' title='bbox 1977 2506 2218 2575; x_wconf 80' lang='lat' dir='ltr'><strong>inflammaramm</strong></span> 
     </span>
     <span class='ocr_line' id='line_1_17' title="bbox 622 2623 2219 2717; baseline 0.001 -21"><span class='ocrx_word' id='word_1_162' title='bbox 622 2639 652 2696; x_wconf 89' lang='lat' dir='ltr'><strong>et</strong></span> <span class='ocrx_word' id='word_1_163' title='bbox 674 2625 916 2712; x_wconf 88' lang='lat' dir='ltr'><strong>suppurantium,</strong></span> <span class='ocrx_word' id='word_1_164' title='bbox 944 2623 1140 2686; x_wconf 84' lang='lat' dir='ltr'><strong>substantiam</strong></span> <span class='ocrx_word' id='word_1_165' title='bbox 1163 2623 1348 2684; x_wconf 86' lang='lat' dir='ltr'><strong>reunientem</strong></span> <span class='ocrx_word' id='word_1_166' title='bbox 1372 2624 1446 2685; x_wconf 87' lang='lat' dir='ltr'><strong>oriri</strong></span> <span class='ocrx_word' id='word_1_167' title='bbox 1467 2641 1592 2686; x_wconf 87' lang='lat' dir='ltr'><strong>necesse</strong></span> <span class='ocrx_word' id='word_1_168' title='bbox 1614 2631 1674 2701; x_wconf 88' lang='lat' dir='ltr'><strong>est,</strong></span> <span class='ocrx_word' id='word_1_169' title='bbox 1702 2633 1753 2688; x_wconf 88' lang='lat' dir='ltr'><strong>aut</strong></span> <span class='ocrx_word' id='word_1_170' title='bbox 1774 2627 1970 2689; x_wconf 78' lang='lat' dir='ltr'><strong>exsudatione</strong></span> <span class='ocrx_word' id='word_1_171' title='bbox 1993 2633 2135 2695; x_wconf 86' lang='lat' dir='ltr'><strong>materiae</strong></span> <span class='ocrx_word' id='word_1_172' title='bbox 2157 2635 2219 2717; x_wconf 86' lang='lat' dir='ltr'><strong>pia-</strong></span> 
     </span>
     <span class='ocr_line' id='line_1_18' title="bbox 621 2745 2219 2839; baseline 0 -18"><span class='ocrx_word' id='word_1_173' title='bbox 621 2757 715 2822; x_wconf 88' lang='lat' dir='ltr'><strong>sticae</strong></span> <span class='ocrx_word' id='word_1_174' title='bbox 737 2751 864 2832; x_wconf 83' lang='lat' dir='ltr'><strong>ejusque</strong></span> <span class='ocrx_word' id='word_1_175' title='bbox 886 2747 1124 2828; x_wconf 77' lang='lat' dir='ltr'><strong>organisatioue,</strong></span> <span class='ocrx_word' id='word_1_176' title='bbox 1144 2745 1237 2809; x_wconf 87' lang='lat' dir='ltr'><strong>simili</strong></span> <span class='ocrx_word' id='word_1_177' title='bbox 1259 2747 1503 2828; x_wconf 65' lang='lat' dir='ltr'><strong>igituruium,</strong></span> <span class='ocrx_word' id='word_1_178' title='bbox 1526 2749 1637 2831; x_wconf 88' lang='lat' dir='ltr'><strong>quain</strong></span> <span class='ocrx_word' id='word_1_179' title='bbox 1661 2751 1756 2830; x_wconf 82' lang='lat' dir='ltr'><strong>primo</strong></span> <span class='ocrx_word' id='word_1_180' title='bbox 1780 2753 1925 2813; x_wconf 87' lang='lat' dir='ltr'><strong>reunione</strong></span> <span class='ocrx_word' id='word_1_181' title='bbox 1947 2771 2013 2813; x_wconf 85' lang='lat' dir='ltr'><strong>eam</strong></span> <span class='ocrx_word' id='word_1_182' title='bbox 2036 2755 2110 2818; x_wconf 90' lang='lat' dir='ltr'><strong>oriri</strong></span> <span class='ocrx_word' id='word_1_183' title='bbox 2132 2779 2219 2839; x_wconf 87' lang='lat' dir='ltr'><strong>supra</strong></span> 
     </span>
     <span class='ocr_line' id='line_1_19' title="bbox 620 2871 2214 2963; baseline -0.006 -19"><span class='ocrx_word' id='word_1_184' title='bbox 620 2873 825 2962; x_wconf 87' lang='lat' dir='ltr'><strong>exposuimus.</strong></span> <span class='ocrx_word' id='word_1_185' title='bbox 877 2873 992 2935; x_wconf 83' lang='lat' dir='ltr'><strong>Harum</strong></span> <span class='ocrx_word' id='word_1_186' title='bbox 1022 2871 1236 2933; x_wconf 84' lang='lat' dir='ltr'><strong>sententiarum</strong></span> <span class='ocrx_word' id='word_1_187' title='bbox 1267 2871 1411 2932; x_wconf 85' lang='lat' dir='ltr'><strong>alterutra</strong></span> <span class='ocrx_word' id='word_1_188' title='bbox 1434 2873 1573 2936; x_wconf 90' lang='lat' dir='ltr'><strong>omnibus</strong></span> <span class='ocrx_word' id='word_1_189' title='bbox 1596 2874 1856 2956; x_wconf 68' lang='lat' dir='ltr'><strong>qualibuscunque</strong></span> <span class='ocrx_word' id='word_1_190' title='bbox 1879 2875 2072 2955; x_wconf 88' lang='lat' dir='ltr'><strong>opinionibus</strong></span> <span class='ocrx_word' id='word_1_191' title='bbox 2096 2881 2134 2942; x_wconf 87' lang='lat' dir='ltr'><strong>de</strong></span> <span class='ocrx_word' id='word_1_192' title='bbox 2156 2903 2214 2963; x_wconf 68' lang='lat' dir='ltr'><strong>gn.</strong></span> 
     </span>
     <span class='ocr_line' id='line_1_20' title="bbox 619 2993 2220 3084; baseline -0.001 -15"><span class='ocrx_word' id='word_1_193' title='bbox 619 3005 808 3070; x_wconf 84' lang='lat' dir='ltr'><strong>uuiationum</strong></span> <span class='ocrx_word' id='word_1_194' title='bbox 836 2996 1017 3058; x_wconf 79' lang='lat' dir='ltr'><strong>formatione</strong></span> <span class='ocrx_word' id='word_1_195' title='bbox 1046 2995 1210 3073; x_wconf 84' lang='lat' dir='ltr'><strong>propositis</strong></span> <span class='ocrx_word' id='word_1_196' title='bbox 1238 2993 1342 3055; x_wconf 88' lang='lat' dir='ltr'><strong>subest</strong></span> <span class='ocrx_word' id='word_1_197' title='bbox 1371 2995 1465 3073; x_wconf 78' lang='lat' dir='ltr'><strong>magis</strong></span> <span class='ocrx_word' id='word_1_198' title='bbox 1494 2997 1630 3059; x_wconf 84' lang='lat' dir='ltr'><strong>minusve</strong></span> <span class='ocrx_word' id='word_1_199' title='bbox 1659 3017 1816 3078; x_wconf 78' lang='lat' dir='ltr'><strong>expressa:</strong></span> <span class='ocrx_word' id='word_1_200' title='bbox 1845 3007 1971 3080; x_wconf 85' lang='lat' dir='ltr'><strong>utraque</strong></span> <span class='ocrx_word' id='word_1_201' title='bbox 1994 3003 2085 3062; x_wconf 87' lang='lat' dir='ltr'><strong>modo</strong></span> <span class='ocrx_word' id='word_1_202' title='bbox 2110 3009 2220 3084; x_wconf 84' lang='lat' dir='ltr'><strong>majore</strong></span> 
     </span>
     <span class='ocr_line' id='line_1_21' title="bbox 621 3111 2218 3204; baseline 0 -14"><span class='ocrx_word' id='word_1_203' title='bbox 621 3127 713 3190; x_wconf 92' lang='lat' dir='ltr'><strong>modo</strong></span> <span class='ocrx_word' id='word_1_204' title='bbox 732 3123 849 3184; x_wconf 84' lang='lat' dir='ltr'><strong>minore</strong></span> <span class='ocrx_word' id='word_1_205' title='bbox 866 3137 935 3178; x_wconf 93' lang='lat' dir='ltr'><strong>cum</strong></span> <span class='ocrx_word' id='word_1_206' title='bbox 952 3133 1094 3178; x_wconf 85' lang='lat' dir='ltr'><strong>successu</strong></span> <span class='ocrx_word' id='word_1_207' title='bbox 1107 3116 1237 3191; x_wconf 77' lang='lat' dir='ltr'><strong>defensa,</strong></span> <span class='ocrx_word' id='word_1_208' title='bbox 1260 3123 1367 3177; x_wconf 87' lang='lat' dir='ltr'><strong>neutra</strong></span> <span class='ocrx_word' id='word_1_209' title='bbox 1378 3135 1509 3199; x_wconf 90' lang='lat' dir='ltr'><strong>unquam</strong></span> <span class='ocrx_word' id='word_1_210' title='bbox 1522 3119 1616 3182; x_wconf 82' lang='lat' dir='ltr'><strong>firmis</strong></span> <span class='ocrx_word' id='word_1_211' title='bbox 1628 3111 1810 3200; x_wconf 77' lang='lat' dir='ltr'><strong>argumentis</strong></span> <span class='ocrx_word' id='word_1_212' title='bbox 1821 3121 1949 3204; x_wconf 83' lang='lat' dir='ltr'><strong>fixisque</strong></span> <span class='ocrx_word' id='word_1_213' title='bbox 1961 3127 2157 3204; x_wconf 87' lang='lat' dir='ltr'><strong>comprobata</strong></span> <span class='ocrx_word' id='word_1_214' title='bbox 2169 3141 2218 3192; x_wconf 83' lang='lat' dir='ltr'><strong>est.</strong></span> 
     </span>
    </p>

    <p class='ocr_par' dir='ltr' id='par_1_5' title="bbox 780 3241 2253 3326">
     <span class='ocr_line' id='line_1_22' title="bbox 780 3241 2253 3326; baseline 0.007 -22"><span class='ocrx_word' id='word_1_215' title='bbox 780 3241 924 3316; x_wconf 84' lang='lat' dir='ltr'><strong>Veteres,</strong></span> <span class='ocrx_word' id='word_1_216' title='bbox 947 3257 1083 3300; x_wconf 88' lang='lat' dir='ltr'><strong>crescere</strong></span> <span class='ocrx_word' id='word_1_217' title='bbox 1106 3257 1226 3300; x_wconf 86' lang='lat' dir='ltr'><strong>carnem</strong></span> <span class='ocrx_word' id='word_1_218' title='bbox 1248 3257 1373 3316; x_wconf 89' lang='lat' dir='ltr'><strong>novam,</strong></span> <span class='ocrx_word' id='word_1_219' title='bbox 1396 3242 1576 3318; x_wconf 76' lang='lat' dir='ltr'><strong>cognovisse</strong></span> <span class='ocrx_word' id='word_1_220' title='bbox 1598 3245 1739 3319; x_wconf 89' lang='lat' dir='ltr'><strong>conteuti,</strong></span> <span class='ocrx_word' id='word_1_221' title='bbox 1762 3245 1916 3326; x_wconf 90' lang='lat' dir='ltr'><strong>quomodo</strong></span> <span class='ocrx_word' id='word_1_222' title='bbox 1939 3253 2063 3322; x_wconf 89' lang='lat' dir='ltr'><strong>crescat,</strong></span> <span class='ocrx_word' id='word_1_223' title='bbox 2085 3269 2148 3313; x_wconf 89' lang='lat' dir='ltr'><strong>non</strong></span> <span class='ocrx_word' id='word_1_224' title='bbox 2170 3275 2219 3314; x_wconf 87' lang='lat' dir='ltr'><strong>cu-</strong></span> <span class='ocrx_word' id='word_1_225' title='bbox 2250 3275 2253 3282; x_wconf 92' lang='grc'>·</span> 
     </span>
    </p>
   </div>
   <div class='ocr_carea' id='block_1_3' title="bbox 619 3341 2219 4072">
    <p class='ocr_par' dir='ltr' id='par_1_6' title="bbox 619 3341 2219 4072">
     <span class='ocr_line' id='line_1_23' title="bbox 623 3341 2219 3444; baseline 0.003 -10"><span class='ocrx_word' id='word_1_226' title='bbox 623 3369 745 3444; x_wconf 89' lang='lat' dir='ltr'><strong>rabant,</strong></span> <span class='ocrx_word' id='word_1_227' title='bbox 766 3365 822 3428; x_wconf 86' lang='lat' dir='ltr'><strong>sed</strong></span> <span class='ocrx_word' id='word_1_228' title='bbox 845 3363 1007 3443; x_wconf 73' lang='lat' dir='ltr'><strong>generatim</strong></span> <span class='ocrx_word' id='word_1_229' title='bbox 1030 3362 1124 3424; x_wconf 79' lang='lat' dir='ltr'><strong>uerba</strong></span> <span class='ocrx_word' id='word_1_230' title='bbox 1145 3363 1294 3424; x_wconf 82' lang='lat' dir='ltr'><strong>iaciebant</strong></span> <span class='ocrx_word' id='word_1_231' title='bbox 1317 3363 1356 3424; x_wconf 89' lang='lat' dir='ltr'><strong>de</strong></span> <span class='ocrx_word' id='word_1_232' title='bbox 1377 3363 1561 3428; x_wconf 89' lang='lat' dir='ltr'><strong>incremento</strong></span> <span class='ocrx_word' id='word_1_233' title='bbox 1584 3341 1781 3443; x_wconf 68' lang='lat' dir='ltr'><strong>carunculae,</strong></span> <span class='ocrx_word' id='word_1_234' title='bbox 1810 3375 1921 3429; x_wconf 84' lang='lat' dir='ltr'><strong>certam</strong></span> <span class='ocrx_word' id='word_1_235' title='bbox 1943 3389 2018 3432; x_wconf 82' lang='lat' dir='ltr'><strong>uero</strong></span> <span class='ocrx_word' id='word_1_236' title='bbox 2041 3371 2219 3438; x_wconf 82' lang='lat' dir='ltr'><strong>distinctam-</strong></span> 
     </span>
     <span class='ocr_line' id='line_1_24' title="bbox 621 3485 2219 3580; baseline 0.004 -27"><span class='ocrx_word' id='word_1_237' title='bbox 621 3515 680 3580; x_wconf 87' lang='lat' dir='ltr'><strong>que</strong></span> <span class='ocrx_word' id='word_1_238' title='bbox 709 3491 776 3572; x_wconf 85' lang='lat' dir='ltr'><strong>ejus</strong></span> <span class='ocrx_word' id='word_1_239' title='bbox 804 3485 1016 3566; x_wconf 74' lang='lat' dir='ltr'><strong>cogitationem</strong></span> <span class='ocrx_word' id='word_1_240' title='bbox 1042 3485 1099 3547; x_wconf 88' lang='lat' dir='ltr'><strong>sibi</strong></span> <span class='ocrx_word' id='word_1_241' title='bbox 1129 3502 1192 3546; x_wconf 90' lang='lat' dir='ltr'><strong>non</strong></span> <span class='ocrx_word' id='word_1_242' title='bbox 1219 3487 1379 3548; x_wconf 83' lang='lat' dir='ltr'><strong>finxerant.</strong></span> <span class='ocrx_word' id='word_1_243' title='bbox 1432 3487 1657 3568; x_wconf 80' lang='lat' dir='ltr'><strong>Garengeot</strong></span> <span class='ocrx_word' id='word_1_244' title='bbox 1680 3489 1734 3566; x_wconf 83' lang='grc'><strong>(6)</strong></span> <span class='ocrx_word' id='word_1_245' title='bbox 1768 3499 1849 3553; x_wconf 88' lang='lat' dir='ltr'><strong>certe</strong></span> <span class='ocrx_word' id='word_1_246' title='bbox 1882 3492 1914 3553; x_wconf 89' lang='lat' dir='ltr'><strong>iu</strong></span> <span class='ocrx_word' id='word_1_247' title='bbox 1936 3493 2040 3572; x_wconf 85' lang='lat' dir='ltr'><strong>primis</strong></span> <span class='ocrx_word' id='word_1_248' title='bbox 2062 3515 2219 3560; x_wconf 82' lang='lat' dir='ltr'><strong>numeran-</strong></span> 
     </span>
     <span class='ocr_line' id='line_1_25' title="bbox 621 3607 2219 3696; baseline 0.001 -13"><span class='ocrx_word' id='word_1_249' title='bbox 621 3621 677 3682; x_wconf 91' lang='lat' dir='ltr'><strong>dus</strong></span> <span class='ocrx_word' id='word_1_250' title='bbox 700 3623 757 3696; x_wconf 86' lang='lat' dir='ltr'><strong>est,</strong></span> <span class='ocrx_word' id='word_1_251' title='bbox 780 3612 831 3695; x_wconf 93' lang='lat' dir='ltr'><strong>qui</strong></span> <span class='ocrx_word' id='word_1_252' title='bbox 855 3609 992 3672; x_wconf 89' lang='lat' dir='ltr'><strong>distincte</strong></span> <span class='ocrx_word' id='word_1_253' title='bbox 1015 3607 1055 3670; x_wconf 84' lang='lat' dir='ltr'><strong>ric</strong></span> <span class='ocrx_word' id='word_1_254' title='bbox 1077 3607 1257 3670; x_wconf 79' lang='lat' dir='ltr'><strong>formatione</strong></span> <span class='ocrx_word' id='word_1_255' title='bbox 1278 3607 1521 3688; x_wconf 81' lang='lat' dir='ltr'><strong>granulationum</strong></span> <span class='ocrx_word' id='word_1_256' title='bbox 1544 3611 1697 3684; x_wconf 85' lang='lat' dir='ltr'><strong>dixerunt;</strong></span> <span class='ocrx_word' id='word_1_257' title='bbox 1721 3614 1771 3695; x_wconf 92' lang='lat' dir='ltr'><strong>qui</strong></span> <span class='ocrx_word' id='word_1_258' title='bbox 1795 3619 1895 3680; x_wconf 88' lang='lat' dir='ltr'><strong>succis</strong></span> <span class='ocrx_word' id='word_1_259' title='bbox 1917 3617 2048 3680; x_wconf 84' lang='lat' dir='ltr'><strong>nutritiis</strong></span> <span class='ocrx_word' id='word_1_260' title='bbox 2070 3621 2109 3682; x_wconf 87' lang='lat' dir='ltr'><strong>nd</strong></span> <span class='ocrx_word' id='word_1_261' title='bbox 2133 3643 2219 3686; x_wconf 78' lang='lat' dir='ltr'><strong>saso-</strong></span> 
     </span>
     <span class='ocr_line' id='line_1_26' title="bbox 619 3732 2218 3817; baseline 0.001 -11"><span class='ocrx_word' id='word_1_262' title='bbox 619 3764 686 3807; x_wconf 89' lang='lat' dir='ltr'><strong>rum</strong></span> <span class='ocrx_word' id='word_1_263' title='bbox 709 3741 785 3802; x_wconf 83' lang='lat' dir='ltr'><strong>fines</strong></span> <span class='ocrx_word' id='word_1_264' title='bbox 809 3735 955 3798; x_wconf 86' lang='lat' dir='ltr'><strong>dissectos</strong></span> <span class='ocrx_word' id='word_1_265' title='bbox 978 3733 1124 3813; x_wconf 82' lang='lat' dir='ltr'><strong>appositis</strong></span> <span class='ocrx_word' id='word_1_266' title='bbox 1146 3750 1245 3794; x_wconf 75' lang='lat' dir='ltr'><strong>nouae</strong></span> <span class='ocrx_word' id='word_1_267' title='bbox 1265 3732 1451 3796; x_wconf 84' lang='lat' dir='ltr'><strong>substantiae</strong></span> <span class='ocrx_word' id='word_1_268' title='bbox 1472 3741 1598 3798; x_wconf 64' lang='lat' dir='ltr'><strong>suatim</strong></span> <span class='ocrx_word' id='word_1_269' title='bbox 1620 3735 1722 3817; x_wconf 77' lang='lat' dir='ltr'><strong>effingi</strong></span> <span class='ocrx_word' id='word_1_270' title='bbox 1745 3738 1905 3803; x_wconf 83' lang='lat' dir='ltr'><strong>arbitratus</strong></span> <span class='ocrx_word' id='word_1_271' title='bbox 1928 3749 1981 3816; x_wconf 77' lang='lat' dir='ltr'><strong>est,</strong></span> <span class='ocrx_word' id='word_1_272' title='bbox 2003 3741 2073 3804; x_wconf 89' lang='lat' dir='ltr'><strong>buic</strong></span> <span class='ocrx_word' id='word_1_273' title='bbox 2096 3745 2218 3807; x_wconf 87' lang='lat' dir='ltr'><strong>aiterum</strong></span> 
     </span>
     <span class='ocr_line' id='line_1_27' title="bbox 619 3858 2219 3944; baseline 0.001 -15"><span class='ocrx_word' id='word_1_274' title='bbox 619 3867 798 3943; x_wconf 88' lang='lat' dir='ltr'><strong>tertiumque</strong></span> <span class='ocrx_word' id='word_1_275' title='bbox 820 3859 949 3939; x_wconf 91' lang='lat' dir='ltr'><strong>imponi,</strong></span> <span class='ocrx_word' id='word_1_276' title='bbox 979 3865 1008 3918; x_wconf 89' lang='lat' dir='ltr'><strong>et</strong></span> <span class='ocrx_word' id='word_1_277' title='bbox 1029 3858 1074 3920; x_wconf 92' lang='lat' dir='ltr'><strong>sic</strong></span> <span class='ocrx_word' id='word_1_278' title='bbox 1097 3873 1160 3919; x_wconf 86' lang='lat' dir='ltr'><strong>rem</strong></span> <span class='ocrx_word' id='word_1_279' title='bbox 1188 3858 1369 3938; x_wconf 83' lang='lat' dir='ltr'><strong>procedere,</strong></span> <span class='ocrx_word' id='word_1_280' title='bbox 1398 3858 1497 3921; x_wconf 85' lang='lat' dir='ltr'><strong>donec</strong></span> <span class='ocrx_word' id='word_1_281' title='bbox 1519 3861 1637 3922; x_wconf 86' lang='lat' dir='ltr'><strong>tandem</strong></span> <span class='ocrx_word' id='word_1_282' title='bbox 1659 3859 1770 3932; x_wconf 78' lang='lat' dir='ltr'><strong>varinus</strong></span> <span class='ocrx_word' id='word_1_283' title='bbox 1794 3863 1946 3944; x_wconf 79' lang='lat' dir='ltr'><strong>expiemur</strong></span> <span class='ocrx_word' id='word_1_284' title='bbox 1969 3865 2016 3928; x_wconf 83' lang='lat' dir='ltr'><strong>sit.</strong></span> <span class='ocrx_word' id='word_1_285' title='bbox 2061 3867 2145 3930; x_wconf 82' lang='lat' dir='ltr'><strong>idaeo</strong></span> <span class='ocrx_word' id='word_1_286' title='bbox 2167 3871 2219 3930; x_wconf 90' lang='lat' dir='ltr'><strong>do-</strong></span> 
     </span>
     <span class='ocr_line' id='line_1_28' title="bbox 621 3979 2219 4072; baseline 0.004 -25"><span class='ocrx_word' id='word_1_287' title='bbox 621 3985 717 4047; x_wconf 91' lang='lat' dir='ltr'><strong>ctrina</strong></span> <span class='ocrx_word' id='word_1_288' title='bbox 744 3987 850 4061; x_wconf 86' lang='lat' dir='ltr'><strong>postea</strong></span> <span class='ocrx_word' id='word_1_289' title='bbox 879 4000 897 4040; x_wconf 97' lang='lat' dir='ltr'><strong>a</strong></span> <span class='ocrx_word' id='word_1_290' title='bbox 926 3979 1077 4060; x_wconf 82' lang='lat' dir='ltr'><strong>plerisque</strong></span> <span class='ocrx_word' id='word_1_291' title='bbox 1100 3981 1311 4059; x_wconf 85' lang='lat' dir='ltr'><strong>scriptoribus,</strong></span> <span class='ocrx_word' id='word_1_292' title='bbox 1334 3983 1429 4061; x_wconf 74' lang='lat' dir='ltr'><strong>nangis</strong></span> <span class='ocrx_word' id='word_1_293' title='bbox 1451 3981 1588 4044; x_wconf 80' lang='lat' dir='ltr'><strong>minusve</strong></span> <span class='ocrx_word' id='word_1_294' title='bbox 1611 3991 1738 4062; x_wconf 67' lang='lat' dir='ltr'><strong>munte,</strong></span> <span class='ocrx_word' id='word_1_295' title='bbox 1765 3986 1882 4048; x_wconf 86' lang='lat' dir='ltr'><strong>reddita</strong></span> <span class='ocrx_word' id='word_1_296' title='bbox 1905 3997 1959 4050; x_wconf 87' lang='lat' dir='ltr'><strong>est.</strong></span> <span class='ocrx_word' id='word_1_297' title='bbox 2004 3989 2148 4072; x_wconf 79' lang='lat' dir='ltr'><strong>liyting</strong></span> <span class='ocrx_word' id='word_1_298' title='bbox 2170 3994 2219 4068; x_wconf 79' lang='lat' dir='ltr'><strong>(it</strong></span> 
     </span>
    </p>
   </div>
   <div class='ocr_carea' id='block_1_4' title="bbox 621 4100 941 4136">
    <p class='ocr_par' dir='ltr' id='par_1_7' title="bbox 621 4100 941 4136">
     <span class='ocr_line' id='line_1_29' title="bbox 621 4100 941 4136; baseline 0 -22"><span class='ocrx_word' id='word_1_299' title='bbox 621 4100 941 4136; x_wconf 44' lang='lat' dir='ltr'><strong>‘W</strong></span> 
     </span>
    </p>
   </div>
   <div class='ocr_carea' id='block_1_5' title="bbox 619 4187 2218 4700">
    <p class='ocr_par' dir='ltr' id='par_1_8' title="bbox 782 4187 2143 4268">
     <span class='ocr_line' id='line_1_30' title="bbox 782 4187 2143 4268; baseline 0.014 -31"><span class='ocrx_word' id='word_1_300' title='bbox 782 4187 823 4253; x_wconf 83' lang='grc'><strong>(1)</strong></span> <span class='ocrx_word' id='word_1_301' title='bbox 842 4191 957 4251; x_wconf 77' lang='lat' dir='ltr'><strong>binim,</strong></span> <span class='ocrx_word' id='word_1_302' title='bbox 975 4197 1115 4241; x_wconf 75' lang='lat' dir='ltr'><strong>commeant.</strong></span> <span class='ocrx_word' id='word_1_303' title='bbox 1134 4191 1166 4237; x_wconf 81' lang='lat' dir='ltr'><strong>de</strong></span> <span class='ocrx_word' id='word_1_304' title='bbox 1186 4199 1329 4242; x_wconf 69' lang='lat' dir='ltr'><strong>resena-rat.</strong></span> <span class='ocrx_word' id='word_1_305' title='bbox 1350 4194 1461 4254; x_wconf 78' lang='lat' dir='ltr'><strong>partium</strong></span> <span class='ocrx_word' id='word_1_306' title='bbox 1480 4195 1603 4244; x_wconf 81' lang='lat' dir='ltr'><strong>mollium</strong></span> <span class='ocrx_word' id='word_1_307' title='bbox 1621 4197 1650 4245; x_wconf 85' lang='lat' dir='ltr'><strong>in</strong></span> <span class='ocrx_word' id='word_1_308' title='bbox 1669 4197 1803 4249; x_wconf 84' lang='lat' dir='ltr'><strong>ruinerib.</strong></span> <span class='ocrx_word' id='word_1_309' title='bbox 1822 4203 1936 4262; x_wconf 65' lang='lat' dir='ltr'><strong>Getring.</strong></span> <span class='ocrx_word' id='word_1_310' title='bbox 1957 4203 2070 4268; x_wconf 64' lang='lat' dir='ltr'><strong>rium·</strong></span> <span class='ocrx_word' id='word_1_311' title='bbox 2101 4205 2143 4256; x_wconf 81' lang='lat'><strong>1³.</strong></span> 
     </span>
    </p>

    <p class='ocr_par' dir='ltr' id='par_1_9' title="bbox 621 4273 2218 4448">
     <span class='ocr_line' id='line_1_31' title="bbox 781 4273 2218 4348; baseline 0.013 -22"><span class='ocrx_word' id='word_1_312' title='bbox 781 4277 821 4338; x_wconf 78' lang='lat'><strong>(2)</strong></span> <span class='ocrx_word' id='word_1_313' title='bbox 841 4277 965 4339; x_wconf 73' lang='lat' dir='ltr'><strong>Fabre,</strong></span> <span class='ocrx_word' id='word_1_314' title='bbox 994 4278 1071 4330; x_wconf 74' lang='lat' dir='ltr'><strong>maian.</strong></span> <span class='ocrx_word' id='word_1_315' title='bbox 1091 4278 1127 4325; x_wconf 84' lang='lat' dir='ltr'><strong>uir</strong></span> <span class='ocrx_word' id='word_1_316' title='bbox 1144 4273 1198 4325; x_wconf 78' lang='lat' dir='ltr'><strong>i&#39;un</strong></span> <span class='ocrx_word' id='word_1_317' title='bbox 1219 4295 1331 4340; x_wconf 63' lang='lat' dir='ltr'><strong>prauae,</strong></span> <span class='ocrx_word' id='word_1_318' title='bbox 1356 4277 1420 4340; x_wconf 86' lang='lat' dir='ltr'><strong>qu&#39;ii</strong></span> <span class='ocrx_word' id='word_1_319' title='bbox 1448 4298 1480 4329; x_wconf 82' lang='lat' dir='ltr'><strong>raa</strong></span> <span class='ocrx_word' id='word_1_320' title='bbox 1499 4299 1527 4330; x_wconf 89' lang='lat' dir='ltr'><strong>ae</strong></span> <span class='ocrx_word' id='word_1_321' title='bbox 1545 4283 1592 4331; x_wconf 86' lang='lat' dir='ltr'><strong>iait</strong></span> <span class='ocrx_word' id='word_1_322' title='bbox 1611 4287 1683 4346; x_wconf 65' lang='lat' dir='ltr'><strong>pictor</strong></span> <span class='ocrx_word' id='word_1_323' title='bbox 1702 4287 1735 4334; x_wconf 79' lang='lat' dir='ltr'><strong>iic</strong></span> <span class='ocrx_word' id='word_1_324' title='bbox 1753 4287 1936 4348; x_wconf 68' lang='lat' dir='ltr'><strong>re&#39;gdneintian</strong></span> <span class='ocrx_word' id='word_1_325' title='bbox 1955 4291 1988 4339; x_wconf 80' lang='lat' dir='ltr'><strong>rie</strong></span> <span class='ocrx_word' id='word_1_326' title='bbox 2006 4293 2080 4341; x_wconf 82' lang='lat' dir='ltr'><strong>rbair</strong></span> <span class='ocrx_word' id='word_1_327' title='bbox 2098 4295 2162 4343; x_wconf 79' lang='lat' dir='ltr'><strong>dans</strong></span> <span class='ocrx_word' id='word_1_328' title='bbox 2181 4297 2218 4346; x_wconf 65' lang='lat' dir='ltr'><strong>ies</strong></span> 
     </span>
     <span class='ocr_line' id='line_1_32' title="bbox 621 4365 2217 4448; baseline 0.009 -30"><span class='ocrx_word' id='word_1_329' title='bbox 621 4371 705 4435; x_wconf 78' lang='lat' dir='ltr'><strong>plaiea</strong></span> <span class='ocrx_word' id='word_1_330' title='bbox 723 4375 749 4416; x_wconf 84' lang='lat' dir='ltr'><strong>et</strong></span> <span class='ocrx_word' id='word_1_331' title='bbox 767 4366 807 4414; x_wconf 79' lang='lat' dir='ltr'><strong>ies</strong></span> <span class='ocrx_word' id='word_1_332' title='bbox 826 4365 928 4414; x_wconf 71' lang='lat' dir='ltr'><strong>reiteres</strong></span> <span class='ocrx_word' id='word_1_333' title='bbox 946 4383 1010 4414; x_wconf 78' lang='lat' dir='ltr'><strong>arec</strong></span> <span class='ocrx_word' id='word_1_334' title='bbox 1030 4375 1100 4428; x_wconf 82' lang='lat' dir='ltr'><strong>perte</strong></span> <span class='ocrx_word' id='word_1_335' title='bbox 1118 4367 1151 4414; x_wconf 84' lang='lat' dir='ltr'><strong>de</strong></span> <span class='ocrx_word' id='word_1_336' title='bbox 1169 4367 1316 4428; x_wconf 79' lang='lat' dir='ltr'><strong>substance,</strong></span> <span class='ocrx_word' id='word_1_337' title='bbox 1336 4367 1380 4414; x_wconf 85' lang='lat' dir='ltr'><strong>iu:</strong></span> <span class='ocrx_word' id='word_1_338' title='bbox 1398 4368 1477 4418; x_wconf 70' lang='lat' dir='ltr'><strong>trdus.</strong></span> <span class='ocrx_word' id='word_1_339' title='bbox 1493 4368 1629 4424; x_wconf 80' lang='lat' dir='ltr'><strong>dei&#39;acad.</strong></span> <span class='ocrx_word' id='word_1_340' title='bbox 1643 4387 1697 4436; x_wconf 73' lang='lat' dir='ltr'><strong>roy.</strong></span> <span class='ocrx_word' id='word_1_341' title='bbox 1709 4373 1898 4426; x_wconf 69' lang='lat' dir='ltr'><strong>certiorari·</strong></span> <span class='ocrx_word' id='word_1_342' title='bbox 1912 4377 2028 4434; x_wconf 66' lang='lat' dir='ltr'><strong>litim.</strong></span> <span class='ocrx_word' id='word_1_343' title='bbox 2040 4382 2110 4444; x_wconf 55' lang='lat' dir='ltr'><strong>{ik}</strong></span> <span class='ocrx_word' id='word_1_344' title='bbox 2129 4384 2173 4434; x_wconf 71' lang='grc' dir='ltr'><strong>Ἡ.</strong></span> <span class='ocrx_word' id='word_1_345' title='bbox 2182 4403 2217 4448; x_wconf 82' lang='lat' dir='ltr'><strong>sq.</strong></span> 
     </span>
    </p>

    <p class='ocr_par' dir='ltr' id='par_1_10' title="bbox 619 4448 2218 4615">
     <span class='ocr_line' id='line_1_33' title="bbox 783 4448 2218 4530; baseline 0.015 -30"><span class='ocrx_word' id='word_1_346' title='bbox 783 4448 826 4516; x_wconf 78' lang='lat'><strong>(³)</strong></span> <span class='ocrx_word' id='word_1_347' title='bbox 845 4453 971 4514; x_wconf 83' lang='lat' dir='ltr'><strong>Leuis,</strong></span> <span class='ocrx_word' id='word_1_348' title='bbox 988 4455 1068 4508; x_wconf 68' lang='lat' dir='ltr'><strong>mean.</strong></span> <span class='ocrx_word' id='word_1_349' title='bbox 1085 4471 1133 4502; x_wconf 86' lang='lat' dir='ltr'><strong>sur</strong></span> <span class='ocrx_word' id='word_1_350' title='bbox 1149 4455 1175 4502; x_wconf 85' lang='lat' dir='ltr'><strong>ia</strong></span> <span class='ocrx_word' id='word_1_351' title='bbox 1198 4455 1392 4504; x_wconf 75' lang='lat' dir='ltr'><strong>eonwiidntiun</strong></span> <span class='ocrx_word' id='word_1_352' title='bbox 1410 4457 1456 4505; x_wconf 83' lang='lat' dir='ltr'><strong>des</strong></span> <span class='ocrx_word' id='word_1_353' title='bbox 1475 4457 1558 4520; x_wconf 82' lang='lat' dir='ltr'><strong>pieies</strong></span> <span class='ocrx_word' id='word_1_354' title='bbox 1577 4475 1641 4507; x_wconf 79' lang='lat' dir='ltr'><strong>arec</strong></span> <span class='ocrx_word' id='word_1_355' title='bbox 1660 4469 1732 4522; x_wconf 79' lang='lat' dir='ltr'><strong>perte</strong></span> <span class='ocrx_word' id='word_1_356' title='bbox 1750 4463 1783 4511; x_wconf 85' lang='lat' dir='ltr'><strong>de</strong></span> <span class='ocrx_word' id='word_1_357' title='bbox 1801 4467 1894 4524; x_wconf 61' lang='lat' dir='ltr'><strong>nubat„</strong></span> <span class='ocrx_word' id='word_1_358' title='bbox 1913 4469 1956 4514; x_wconf 76' lang='lat' dir='ltr'><strong>in:</strong></span> <span class='ocrx_word' id='word_1_359' title='bbox 1975 4469 2057 4523; x_wconf 63' lang='lat' dir='ltr'><strong>rien,</strong></span> <span class='ocrx_word' id='word_1_360' title='bbox 2076 4472 2110 4520; x_wconf 80' lang='lat' dir='ltr'><strong>rie</strong></span> <span class='ocrx_word' id='word_1_361' title='bbox 2127 4470 2218 4530; x_wconf 75' lang='lat' dir='ltr'><strong>i&#39;erad.</strong></span> 
     </span>
     <span class='ocr_line' id='line_1_34' title="bbox 619 4539 2130 4615; baseline 0.011 -24"><span class='ocrx_word' id='word_1_362' title='bbox 619 4561 674 4612; x_wconf 72' lang='lat' dir='ltr'><strong>my.</strong></span> <span class='ocrx_word' id='word_1_363' title='bbox 693 4545 727 4592; x_wconf 85' lang='lat' dir='ltr'><strong>de</strong></span> <span class='ocrx_word' id='word_1_364' title='bbox 744 4541 810 4591; x_wconf 78' lang='lat' dir='ltr'><strong>ebir.</strong></span> <span class='ocrx_word' id='word_1_365' title='bbox 831 4539 910 4600; x_wconf 73' lang='lat' dir='ltr'><strong>Paria,</strong></span> <span class='ocrx_word' id='word_1_366' title='bbox 929 4547 991 4592; x_wconf 82' lang='lat' dir='ltr'><strong>tam.</strong></span> <span class='ocrx_word' id='word_1_367' title='bbox 1011 4542 1054 4590; x_wconf 61' lang='grc' dir='ltr'><strong>ΙΨ.</strong></span> <span class='ocrx_word' id='word_1_368' title='bbox 1073 4559 1099 4604; x_wconf 82' lang='lat' dir='ltr'><strong>p.</strong></span> <span class='ocrx_word' id='word_1_369' title='bbox 1120 4543 1181 4595; x_wconf 79' lang='lat' dir='ltr'><strong>roo.</strong></span> <span class='ocrx_word' id='word_1_370' title='bbox 1207 4543 1287 4592; x_wconf 81' lang='lat' dir='ltr'><strong>iiie&#39;m.</strong></span> <span class='ocrx_word' id='word_1_371' title='bbox 1306 4559 1351 4591; x_wconf 85' lang='lat' dir='ltr'><strong>aur</strong></span> <span class='ocrx_word' id='word_1_372' title='bbox 1369 4544 1395 4591; x_wconf 89' lang='lat' dir='ltr'><strong>la</strong></span> <span class='ocrx_word' id='word_1_373' title='bbox 1413 4545 1558 4607; x_wconf 67' lang='lat' dir='ltr'><strong>pretendere</strong></span> <span class='ocrx_word' id='word_1_374' title='bbox 1576 4545 1758 4606; x_wconf 66' lang='lat' dir='ltr'><strong>rsisse&#39;ne&#39;raticn</strong></span> <span class='ocrx_word' id='word_1_375' title='bbox 1778 4552 1824 4600; x_wconf 84' lang='lat' dir='ltr'><strong>des</strong></span> <span class='ocrx_word' id='word_1_376' title='bbox 1842 4555 1944 4614; x_wconf 79' lang='lat' dir='ltr'><strong>cbaira3</strong></span> <span class='ocrx_word' id='word_1_377' title='bbox 1964 4557 2030 4612; x_wconf 83' lang='lat' dir='ltr'><strong>ibid.</strong></span> <span class='ocrx_word' id='word_1_378' title='bbox 2049 4559 2080 4612; x_wconf 70' lang='grc' dir='ltr'><strong>Τ.</strong></span> <span class='ocrx_word' id='word_1_379' title='bbox 2100 4561 2130 4615; x_wconf 78' lang='lat' dir='ltr'><strong>i&#39;,</strong></span> 
     </span>
    </p>

    <p class='ocr_par' dir='ltr' id='par_1_11' title="bbox 781 4627 1771 4700">
     <span class='ocr_line' id='line_1_35' title="bbox 781 4627 1771 4700; baseline 0.016 -29"><span class='ocrx_word' id='word_1_380' title='bbox 781 4627 821 4692; x_wconf 74' lang='grc' dir='ltr'><strong>(·Ι)</strong></span> <span class='ocrx_word' id='word_1_381' title='bbox 842 4628 1044 4688; x_wconf 78' lang='lat' dir='ltr'><strong>Bertrandi,</strong></span> <span class='ocrx_word' id='word_1_382' title='bbox 1063 4631 1140 4676; x_wconf 79' lang='lat' dir='ltr'><strong>truitd</strong></span> <span class='ocrx_word' id='word_1_383' title='bbox 1157 4631 1203 4677; x_wconf 80' lang='lat' dir='ltr'><strong>aia-a</strong></span> <span class='ocrx_word' id='word_1_384' title='bbox 1221 4631 1319 4692; x_wconf 70' lang='lat' dir='ltr'><strong>opve&#39;rat.</strong></span> <span class='ocrx_word' id='word_1_385' title='bbox 1339 4632 1372 4678; x_wconf 79' lang='lat' dir='ltr'><strong>ale</strong></span> <span class='ocrx_word' id='word_1_386' title='bbox 1389 4633 1457 4684; x_wconf 82' lang='lat' dir='ltr'><strong>ebir.</strong></span> <span class='ocrx_word' id='word_1_387' title='bbox 1476 4633 1549 4681; x_wconf 75' lang='lat' dir='ltr'><strong>raris</strong></span> <span class='ocrx_word' id='word_1_388' title='bbox 1567 4633 1645 4684; x_wconf 77' lang='lat' dir='ltr'><strong>ltdtt.</strong></span> <span class='ocrx_word' id='word_1_389' title='bbox 1664 4652 1689 4700; x_wconf 80' lang='lat' dir='ltr'><strong>p.</strong></span> <span class='ocrx_word' id='word_1_390' title='bbox 1708 4635 1771 4690; x_wconf 67' lang='lat'><strong>331.</strong></span> 
     </span>
    </p>
   </div>
   <div class='ocr_carea' id='block_1_6' title="bbox 620 4712 2216 4869">
    <p class='ocr_par' dir='ltr' id='par_1_12' title="bbox 620 4712 2216 4869">
     <span class='ocr_line' id='line_1_36' title="bbox 780 4712 2216 4792; baseline 0.006 -27"><span class='ocrx_word' id='word_1_391' title='bbox 780 4712 822 4778; x_wconf 74' lang='lat'><strong>(⁵)</strong></span> <span class='ocrx_word' id='word_1_392' title='bbox 842 4717 984 4776; x_wconf 71' lang='lat' dir='ltr'><strong>unser,</strong></span> <span class='ocrx_word' id='word_1_393' title='bbox 1010 4715 1073 4764; x_wconf 75' lang='lat' dir='ltr'><strong>diss.</strong></span> <span class='ocrx_word' id='word_1_394' title='bbox 1098 4717 1132 4764; x_wconf 87' lang='lat' dir='ltr'><strong>de</strong></span> <span class='ocrx_word' id='word_1_395' title='bbox 1149 4718 1227 4766; x_wconf 82' lang='lat' dir='ltr'><strong>raudo</strong></span> <span class='ocrx_word' id='word_1_396' title='bbox 1252 4735 1305 4780; x_wconf 89' lang='lat' dir='ltr'><strong>quo</strong></span> <span class='ocrx_word' id='word_1_397' title='bbox 1324 4727 1418 4768; x_wconf 77' lang='lat' dir='ltr'><strong>ustura</strong></span> <span class='ocrx_word' id='word_1_398' title='bbox 1442 4721 1559 4770; x_wconf 81' lang='lat' dir='ltr'><strong>solutum</strong></span> <span class='ocrx_word' id='word_1_399' title='bbox 1577 4723 1752 4788; x_wconf 55' lang='lat' dir='ltr'><strong>redintegrem</strong></span> <span class='ocrx_word' id='word_1_400' title='bbox 1771 4728 1895 4792; x_wconf 66' lang='lat' dir='ltr'><strong>Lugduni</strong></span> <span class='ocrx_word' id='word_1_401' title='bbox 1915 4731 2006 4784; x_wconf 58' lang='lat' dir='ltr'><strong>nam,</strong></span> <span class='ocrx_word' id='word_1_402' title='bbox 2027 4733 2105 4786; x_wconf 70' lang='lat' dir='ltr'><strong>lm,</strong></span> <span class='ocrx_word' id='word_1_403' title='bbox 2123 4735 2216 4787; x_wconf 58' lang='lat' dir='ltr'><strong>nm</strong></span> 
     </span>
     <span class='ocr_line' id='line_1_37' title="bbox 620 4803 1358 4869; baseline -0.012 -9"><span class='ocrx_word' id='word_1_404' title='bbox 620 4813 663 4860; x_wconf 81' lang='lat' dir='ltr'><strong>ina</strong></span> <span class='ocrx_word' id='word_1_405' title='bbox 683 4806 879 4866; x_wconf 62' lang='lat' dir='ltr'><strong>Sandiium</strong></span> <span class='ocrx_word' id='word_1_406' title='bbox 898 4805 965 4851; x_wconf 76' lang='lat' dir='ltr'><strong>tinea.</strong></span> <span class='ocrx_word' id='word_1_407' title='bbox 984 4803 1087 4852; x_wconf 79' lang='lat' dir='ltr'><strong>dissert.</strong></span> <span class='ocrx_word' id='word_1_408' title='bbox 1106 4805 1164 4858; x_wconf 77' lang='lat' dir='ltr'><strong>vor.</strong></span> <span class='ocrx_word' id='word_1_409' title='bbox 1183 4805 1233 4866; x_wconf 83' lang='lat' dir='ltr'><strong>tri,</strong></span> <span class='ocrx_word' id='word_1_410' title='bbox 1252 4823 1277 4869; x_wconf 80' lang='lat' dir='ltr'><strong>p.</strong></span> <span class='ocrx_word' id='word_1_411' title='bbox 1297 4805 1358 4860; x_wconf 70' lang='grc'><strong>164,</strong></span> 
     </span>
    </p>
   </div>
   <div class='ocr_carea' id='block_1_7' title="bbox 779 4887 1917 5052">
    <p class='ocr_par' dir='ltr' id='par_1_13' title="bbox 779 4887 1917 5052">
     <span class='ocr_line' id='line_1_38' title="bbox 780 4887 1917 4968; baseline 0.013 -30"><span class='ocrx_word' id='word_1_412' title='bbox 780 4887 825 4958; x_wconf 86' lang='lat' dir='ltr'><strong>(ii)</strong></span> <span class='ocrx_word' id='word_1_413' title='bbox 845 4893 1057 4953; x_wconf 73' lang='lat' dir='ltr'><strong>Garengeot,</strong></span> <span class='ocrx_word' id='word_1_414' title='bbox 1076 4891 1153 4938; x_wconf 80' lang='lat' dir='ltr'><strong>rraitd</strong></span> <span class='ocrx_word' id='word_1_415' title='bbox 1170 4893 1215 4940; x_wconf 83' lang='lat' dir='ltr'><strong>dea</strong></span> <span class='ocrx_word' id='word_1_416' title='bbox 1232 4893 1331 4956; x_wconf 85' lang='lat' dir='ltr'><strong>ope&#39;rar.</strong></span> <span class='ocrx_word' id='word_1_417' title='bbox 1350 4893 1383 4942; x_wconf 83' lang='lat' dir='ltr'><strong>de</strong></span> <span class='ocrx_word' id='word_1_418' title='bbox 1401 4894 1467 4944; x_wconf 83' lang='lat' dir='ltr'><strong>ebir.</strong></span> <span class='ocrx_word' id='word_1_419' title='bbox 1486 4895 1567 4953; x_wconf 80' lang='lat' dir='ltr'><strong>Paria.</strong></span> <span class='ocrx_word' id='word_1_420' title='bbox 1587 4897 1667 4956; x_wconf 76' lang='lat' dir='ltr'><strong>nst.</strong></span> <span class='ocrx_word' id='word_1_421' title='bbox 1686 4909 1749 4958; x_wconf 70' lang='lat' dir='ltr'><strong>ton.</strong></span> <span class='ocrx_word' id='word_1_422' title='bbox 1767 4903 1793 4956; x_wconf 82' lang='lat'><strong>1.</strong></span> <span class='ocrx_word' id='word_1_423' title='bbox 1811 4920 1837 4968; x_wconf 84' lang='lat' dir='ltr'><strong>p.</strong></span> <span class='ocrx_word' id='word_1_424' title='bbox 1854 4905 1883 4955; x_wconf 81' lang='lat'><strong>8.</strong></span> <span class='ocrx_word' id='word_1_425' title='bbox 1913 4917 1917 4920; x_wconf 86' lang='lat'>·</span> 
     </span>
     <span class='ocr_line' id='line_1_39' title="bbox 779 4977 1881 5052; baseline 0.006 -23"><span class='ocrx_word' id='word_1_426' title='bbox 779 4977 821 5046; x_wconf 71' lang='grc' dir='ltr'><strong>(ἵ)</strong></span> <span class='ocrx_word' id='word_1_427' title='bbox 840 4979 992 5044; x_wconf 61' lang='lat' dir='ltr'><strong>tyring,</strong></span> <span class='ocrx_word' id='word_1_428' title='bbox 1011 4981 1044 5028; x_wconf 84' lang='lat' dir='ltr'><strong>de</strong></span> <span class='ocrx_word' id='word_1_429' title='bbox 1059 4980 1272 5028; x_wconf 72' lang='lat' dir='ltr'><strong>rouwiidatione</strong></span> <span class='ocrx_word' id='word_1_430' title='bbox 1292 4981 1443 5037; x_wconf 66' lang='lat' dir='ltr'><strong>suiaoeruarr,</strong></span> <span class='ocrx_word' id='word_1_431' title='bbox 1461 4985 1631 5052; x_wconf 71' lang='lat' dir='ltr'><strong>Argentorati,</strong></span> <span class='ocrx_word' id='word_1_432' title='bbox 1652 4989 1731 5041; x_wconf 66' lang='lat' dir='ltr'><strong>iiio.</strong></span> <span class='ocrx_word' id='word_1_433' title='bbox 1749 4991 1881 5051; x_wconf 66' lang='lat' dir='ltr'><strong>§.it-11,</strong></span> 
     </span>
    </p>
   </div>
   <div class='ocr_carea' id='block_1_8' title="bbox 0 0 2396 5892">
    <p class='ocr_par' dir='ltr' id='par_1_14' title="bbox 0 0 2396 5892">
     <span class='ocr_line' id='line_1_40' title="bbox 0 0 2396 5892; baseline 0 0"><span class='ocrx_word' id='word_1_434' title='bbox 0 0 2396 5892; x_wconf 95' lang='lat' dir='ltr'><strong> </strong></span> 
     </span>
    </p>
   </div>
  </div>
 </body>
</html>
