4818 5896
972 575 1047 652 143

199 790 457 866 mulctramque
480 785 604 864 sanguis
625 786 655 846 in
679 785 715 848 iis
740 783 852 851 etlusus
875 783 1056 866 apparebat;
1079 787 1211 850 fractura
1234 793 1351 850 tumore
1373 785 1489 865 oliveri,
1512 791 1640 852 maxime
1655 792 1686 852 iu
1714 789 1807 856 latere

194 915 320 969 externo
343 907 527 988 conspicuo,
551 908 647 972 cincta
678 917 751 972 erat.
809 910 972 992 Postquam
1007 929 1043 972 os
1073 910 1240 974 secuudum
1271 909 1488 990 longitudinem
1511 912 1553 974 ita
1581 933 1750 990 secueram,
1773 923 1814 1000 ut·

193 1030 242 1092 lrio
264 1037 365 1092 tumor·
393 1031 509 1094 medius
533 1031 647 1094 divisus
670 1039 767 1108 esset,
791 1035 952 1096 fracturam
975 1033 1188 1115 incompletam
1212 1033 1304 1096 luisse
1334 1035 1484 1115 apparuit3
1509 1055 1544 1098 os
1569 1036 1647 1098 enim
1678 1045 1804 1100 externo

192 1160 307 1218 tanturn
329 1152 423 1216 latere
446 1155 581 1230 fractum,
604 1155 723 1220 interno
735 1176 809 1219 vero
825 1157 974 1236 integrum
985 1163 1059 1218 erat.
1098 1157 1235 1220 Maxima
1246 1177 1317 1238 pars
1334 1158 1460 1220 tumoris
1471 1159 1624 1240 periosteo
1641 1162 1803 1222 tumelacto

191 1276 403 1356 effingebatrrr3
427 1297 488 1359 quo
511 1285 597 1340 caute
609 1287 759 1360 separato,
784 1300 819 1342 os
832 1299 929 1360 prope
942 1281 1102 1360 fracturam
1122 1281 1288 1344 substantia
1301 1281 1429 1363 quadarn
1441 1282 1535 1359 molli,
1559 1284 1621 1344 lere
1644 1301 1741 1365 usque
1764 1285 1803 1346 ad

190 1399 462 1464 locuminlractum
484 1409 633 1481 porrecta,
657 1402 819 1479 obtectum,
844 1404 935 1465 iacies
959 1404 1108 1466 fracturae
1130 1424 1229 1486 neque
1251 1404 1402 1468 emollitae
1424 1425 1522 1488 neque
1544 1407 1733 1488 resorptione
1749 1407 1804 1470 ob-

106 1591 110 1600 ,
191 1535 276 1586 tusae
298 1524 498 1604 apparebaut;
522 1525 582 1587 tela
604 1525 779 1590 medullaris
803 1527 842 1588 ad
865 1528 1027 1590 fracturam
1051 1527 1173 1590 densior
1195 1529 1274 1588 iacta
1296 1535 1369 1592 erat.
1417 1532 1485 1609 Ope
1507 1529 1717 1611 microscopii,
1741 1551 1802 1612 quo

191 1653 317 1729 propter
339 1647 531 1728 exiguitatem
543 1649 587 1710 rei
610 1649 821 1732 disquirendae
845 1650 987 1714 utendum
1011 1660 1083 1728 erat,
1107 1651 1184 1714 lines
1208 1652 1442 1731 fragmentorum
1465 1673 1561 1735 usque
1584 1673 1628 1729 ea,
1650 1672 1710 1735 qua
1732 1651 1802 1716 sub-

190 1771 298 1834 stantia
320 1769 373 1834 illa
395 1771 496 1836 mollis·
520 1773 582 1836 ossi
604 1774 819 1854 superinducta
842 1783 915 1850 erat,
938 1793 1037 1857 neque
1059 1774 1191 1838 tumidos
1213 1793 1312 1858 neque
1334 1775 1410 1840 alias
1434 1743 1563 1838 mutatos
1587 1777 1701 1857 reperit
1731 1777 1802 1838 sub-

191 1894 298 1956 stantia
313 1893 421 1970 mollis,
445 1915 521 1978 qnae
544 1905 686 1976 separato·
707 1897 860 1978 periosteo
883 1898 914 1959 in
938 1916 1008 1960 osse
1032 1905 1224 1975 remanserat,
1246 1918 1353 1962 versus
1375 1899 1566 1980 superficiem
1579 1901 1801 1982 locumqoein-

190 2005 317 2080 fractum
340 2017 544 2098 cartilaginem
573 2020 736 2094 referebat,
760 2021 899 2100 proxime
926 2040 1001 2082 vero
1024 2021 1062 2083 ad
1086 2041 1122 2084 os
1147 2019 1214 2100 jam
1243 2021 1275 2084 iu
1303 2041 1423 2086 osseam
1451 2023 1646 2086 substantiam
1676 2023 1799 2086 abierat.

193 2141 297 2221 lpsuru
318 2161 354 2204 os
377 2142 500 2204 omnino
531 2163 595 2206 nou
626 2145 834 2218 tumefactum,
858 2153 947 2226 atque
970 2144 1053 2226 quod
1081 2145 1203 2208 admota
1231 2145 1359 2226 simplici
1388 2143 1469 2208 lente
1498 2147 1693 2210 tumescentia
1722 2146 1800 2208 ossis

193 2283 260 2328 esse
282 2265 474 2343 risum-erat,
495 2287 578 2329 nunc
600 2287 659 2349 ope
682 2267 875 2348 microscopii
899 2287 979 2330 nova
1001 2267 1167 2332 substantia
1186 2289 1283 2346 ossea,
1306 2270 1336 2330 in
1349 2270 1508 2350 superficie
1523 2269 1676 2346 exsudata,
1699 2281 1799 2332 ortum

192 2387 440 2468 conspiciebatur.
487 2391 614 2456 luosse
636 2401 745 2461 vetere,
770 2399 803 2454 ut
824 2411 910 2465 sano,
934 2391 1094 2456 canaliculi
1117 2393 1476 2456 ruedullaressecuudum
1490 2393 1708 2474 longitudinem
1723 2412 1798 2473 pro·

193 2511 368 2590 crrrrebant,
390 2513 421 2576 iu
445 2515 524 2578 callo
548 2537 654 2580 recens
676 2523 784 2578 exorto
807 2516 989 2578 contrariam
1013 2516 1209 2580 directionem
1231 2517 1445 2600 sequebantur,
1468 2537 1566 2600 neque
1587 2523 1671 2580 certo
1694 2515 1800 2578 ordine

191 2635 328 2716 dispositi
350 2645 449 2700 eraut«
490 2639 585 2701 Etiam
609 2639 640 2698 in
662 2639 756 2700 latere
785 2637 919 2712 interno,
941 2639 1012 2700 licet
1038 2639 1172 2717 integro,
1194 2657 1232 2700 ea
1260 2647 1362 2720 parta,
1385 2660 1446 2721 qua
1473 2661 1509 2704 os
1539 2641 1698 2702 infractum
1726 2645 1798 2714 arat,

192 2757 300 2836 exigua
322 2759 368 2820 vis
390 2777 488 2822 novae
511 2760 693 2823 substantiae
716 2779 823 2822 osseae
853 2759 1015 2835 exsudata,
1037 2760 1137 2838 ipsum
1158 2779 1264 2821 verum
1287 2781 1323 2824 os
1344 2762 1425 2822 baud
1453 2768 1598 2824 mutatum
1628 2761 1797 2842 conspicie-

193 2879 289 2944 batur.
335 2882 428 2962 Quod
449 2881 576 2944 maxime
600 2883 783 2958 mirandum,
806 2881 836 2944 iu
860 2882 977 2947 interna
1000 2880 1078 2945 ossis
1108 2882 1269 2962 superficie
1296 2903 1335 2944 ue
1363 2881 1517 2944 minimum
1547 2884 1666 2966 quidem
1696 2901 1796 2945 novae

190 3004 373 3066 arrbetantiae
395 3025 501 3068 osseae
524 3007 681 3086 vestigium
705 3006 927 3086 deprehendere
950 3005 1049 3086 potui:
1081 3023 1140 3067 nec
1163 3005 1260 3068 ullum
1283 3005 1525 3084 inflammationis
1547 3007 1666 3088 signum
1693 3005 1797 3071 aderat

192 3135 312 3207 praeter
333 3129 423 3192 telam
445 3129 640 3192 medullarem
664 3129 818 3212 aliquanto
842 3129 1012 3192 densiorem
1035 3129 1154 3191 iactam.

350 3253 450 3316 Doleo
472 3253 605 3335 reliquos
635 3253 753 3316 catrdos
776 3265 911 3317 amatre
934 3253 1104 3317 subtractos
1127 3271 1209 3328 esse,
1232 3259 1265 3314 ut
1293 3253 1504 3316 formationem
1534 3253 1604 3316 calli
1633 3273 1728 3336 usque
1757 3253 1796 3314 ad

192 3376 354 3454 perlectam
377 3377 562 3440 sanationem
587 3377 748 3440 observare
771 3397 834 3440 non
857 3377 1016 3458 potuerim.
1063 3377 1108 3438 Ex
1131 3377 1176 3448 iis,
1200 3376 1330 3458 quaein
1353 3376 1471 3440 duobus
1493 3377 1612 3440 casibus
1630 3396 1795 3458 suprame-

192 3498 315 3562 moratis
339 3500 506 3576 observavi,
530 3501 635 3564 merito
658 3501 778 3564 videtur
800 3500 942 3564 concludi
966 3519 1071 3582 posse,
1094 3501 1164 3562 calli
1187 3501 1397 3564 scrutationem
1427 3501 1554 3562 celerius
1583 3501 1719 3582 quidem,
1741 3499 1795 3564 sed

190 3621 296 3686 iisdem
326 3630 424 3686 tarneu
446 3623 562 3703 legibus
585 3624 650 3686 lieri
672 3633 761 3705 atque
783 3623 814 3686 iu
838 3625 1015 3686 animalibus
1040 3631 1136 3686 aetate
1159 3624 1418 3704 provectioribus,
1439 3624 1499 3684 nisi
1521 3625 1603 3705 quod
1626 3624 1657 3686 in
1679 3625 1796 3686 interna

191 3767 206 3808 s
240 3747 400 3810 medullari
422 3748 500 3810 ossis
524 3747 684 3827 superficie
714 3747 784 3808 calli
806 3717 1032 3821 formationem,
1054 3746 1128 3810 alias
1151 3767 1271 3827 semper
1300 3747 1502 3822 observatam,
1525 3765 1650 3824 prorsas
1678 3746 1797 3808 deside-

191 3871 275 3944 ravit
293 3891 370 3954 quae
393 3892 442 3934 res
466 3871 497 3934 iu
521 3871 712 3952 resorptione
724 3869 886 3949 uegetiore,
907 3889 975 3930 cnm
993 3870 1176 3932 brenemento
1192 3869 1305 3932 ossium
1317 3871 1486 3948 conjuncta,
1510 3867 1556 3952 (v.
1572 3888 1665 3950 supra
1677 3891 1708 3950 p.
1724 3869 1795 3956 65),

190 3995 328 4060 fortassis
351 3997 450 4076 posita
473 4004 534 4068 est;
558 4015 617 4076 qua
640 3995 688 4070 lit,
708 4000 761 4069 ut,
779 4013 869 4075 quum
894 4002 1002 4056 natura
1024 4013 1132 4056 cavum
1155 3993 1321 4056 medullare
1350 4011 1460 4072 angere
1483 3992 1598 4068 tendat,
1620 4013 1702 4056 nova
1723 3993 1796 4056 sub·

190 4120 299 4182 stantia
321 4141 409 4184 ossea
432 4120 546 4201 apponi
569 4127 710 4201 nequeat.
752 4203 756 4210 ⁸
779 4109 784 4116 ’

351 4244 512 4306 Cicatrices
552 4243 655 4323 igitur,
696 4261 772 4325 quae
807 4242 836 4302 in
880 4241 998 4303 ossibus
1040 4241 1128 4316 liunt,
1162 4241 1200 4302 ab
1236 4240 1311 4314 iltis,
1354 4259 1431 4320 quae
1465 4239 1496 4300 in
1529 4239 1663 4320 partibus
1697 4239 1796 4302 molli-

189 4400 510 4422 m

192 4547 257 4596 catis
276 4546 436 4608 explicatum
455 4545 529 4592 lactis
556 4547 692 4594 transitum
719 4548 747 4594 in
773 4546 945 4614 sanguinem,
965 4559 1043 4606 quern
1069 4545 1098 4591 irr
1123 4543 1219 4591 catulis
1245 4541 1404 4590 lactentibus
1429 4543 1487 4590 fieri
1511 4543 1625 4603 primunr
1649 4543 1795 4593 observarit

193 4633 382 4693 Schlernm,
411 4639 435 4679 et
463 4641 520 4695 post
548 4649 608 4680 eum
637 4635 822 4682 confirmarunt
853 4634 999 4696 Rurlolpbi‚
1026 4633 1050 4682 J.
1079 4631 1180 4681 morter
1206 4639 1233 4678 et
1259 4631 1352 4692 lllayer
1384 4627 1431 4695 (cl.
1458 4631 1560 4679 muller
1577 4631 1691 4694 Plryeiol.
1724 4638 1743 4683 t.
1773 4631 1795 4681 l.

193 4741 221 4790 p.
240 4721 294 4772 2⁴9
312 4730 339 4770 et
361 4718 435 4778 5401.
481 4719 593 4780 Sanguis
612 4722 728 4769 colorem
755 4723 930 4784 singularem,
950 4737 982 4769 ex
1001 4719 1219 4780 dero-rubrum,
1248 4719 1383 4768 turbidum
1410 4717 1568 4778 exhibebat,
1596 4726 1673 4779 atque
1692 4733 1797 4767 concre-

193 4813 291 4862 aceudo
316 4811 346 4858 in
369 4809 511 4870 coagulum
537 4809 646 4856 rubr-ura
674 4810 751 4856 erin
776 4825 863 4857 aarum
881 4811 997 4858 lacteum
1016 4807 1143 4860 discessit.
1186 4807 1266 4870 ldque
1286 4807 1357 4854 idem
1382 4805 1595 4868 conspiciebatur
1611 4806 1640 4851 in
1659 4807 1727 4853 raaia
1746 4814 1798 4854 tarn

194 4899 338 4964 majoribus
356 4913 434 4962 quam
461 4899 489 4944 in
516 4897 678 4958 minoribus,
703 4903 755 4944 um
773 4897 802 4943 in
826 4899 928 4944 arteriis
946 4913 1024 4959 quam
1043 4899 1072 4946 in
1101 4898 1189 4956 renis,
1213 4897 1242 4942 in
1266 4895 1385 4955 cerebro,
1411 4894 1600 4956 pulmonibus,
1628 4893 1745 4957 hepate,
1769 4903 1799 4944 ut

195 4992 297 5055 paucis,
315 4991 345 5038 la
362 4993 548 5052 totocorpore3
566 4986 631 5048 quin
649 4984 769 5033 medulla
788 4985 867 5033 etiam
879 4987 978 5034 ossium
996 4987 1112 5036 colorem
1129 4999 1162 5034 ex
1180 4981 1475 5044 rubicundo-albidum,
1494 4981 1639 5048 turbidum,
1656 4989 1797 5046 receperat.
