4768 5894
949 612 1028 692 269

183 820 320 900 naiicnli
337 823 529 888 nibilominus
549 843 612 887 non
641 823 755 888 iterum·
776 819 939 886 dbesmm
996 820 1069 884 Inde
1101 826 1149 884 sat
1176 821 1260 884 certo
1287 816 1428 884 concludi
1453 821 1567 900 potest,
1600 813 1780 895 corpuscula

183 963 359 1028 eorumque
380 947 565 1010 canalicados
592 953 643 1010 ant
670 947 702 1008 in
730 951 816 1027 parte
844 945 977 1012 interiori
1006 951 1058 1008 aut
1085 945 1147 1016 suis
1169 943 1331 1025 parietibus
1349 941 1434 1016 ¹salia
1463 941 1599 1004 calcarea
1626 937 1779 1002 continere

181 1085 317 1132 necesse
339 1089 417 1132 esse.
460 1074 548 1152 Quae
567 1091 639 1132 nmn
661 1069 692 1134 in
714 1069 849 1134 interiori
870 1068 1119 1150 corpusculorum
1141 1075 1171 1130 et
1192 1065 1579 1147 canaliculormndeposita,
1594 1070 1646 1128 aut
1666 1061 1780 1126 solum-

126 1229 129 1234 ·
180 1191 286 1252 modo
308 1191 340 1254 in
367 1193 532 1274 parietibus
557 1199 698 1256 contenta
725 1193 799 1269 sint,
826 1197 950 1274 propter
976 1207 1113 1273 magnam
1139 1192 1267 1273 partium
1299 1190 1489 1254 subtilitatem
1516 1189 1650 1252 nondum
1676 1187 1780 1268 liquet.

179 1313 400 1380 Atramentum
424 1315 542 1398 aliaque
561 1316 711 1398 pigmenta
733 1335 751 1378 a
772 1316 930 1398 superficie
951 1315 1128 1381 laminarum
1159 1325 1227 1378 cote
1257 1314 1416 1396 politorum
1444 1333 1503 1395 opa
1531 1310 1778 1393 corpusculorum

102 1443 110 1462 ⁸
180 1443 215 1498 et
239 1437 480 1502 cauliculorum
502 1439 534 1502 in
555 1439 698 1544 interiora
719 1440 798 1502 ossis
818 1438 944 1506 ulterius
965 1459 1028 1506 non
1050 1439 1280 1521 progrediuntur
1301 1445 1331 1502 et
1351 1457 1389 1502 ne
1411 1437 1565 1518 paululum
1592 1435 1712 1518 quidem
1734 1433 1779 1494 in-

175 1567 332 1624 trorsum.
377 1567 533 1644 Quaenam
554 1569 652 1625 terrea
673 1571 725 1626 aut
746 1563 838 1628 acidis
860 1561 1042 1626 eremmon
1067 1563 1213 1644 prurcipia
1239 1562 1374 1626 colorem
1401 1561 1501 1624 album
1530 1559 1779 1642 corpusculorum

173 1684 272 1748 ossis
293 1692 328 1748 et·
344 1684 579 1748 canaliculornnr
601 1657 739 1764 efficiant,
760 1687 895 1752 nondum
917 1694 1042 1752 constat.
1087 1686 1196 1770 Neque
1219 1685 1399 1768 corpuscada
1419 1705 1516 1768 nequo
1539 1703 1644 1747 eorum
1666 1680 1779 1744 canali·

173 1807 243 1872 onli
274 1807 306 1870 iu
329 1827 445 1892 aquoso
467 1809 555 1874 acido
577 1810 748 1889 carbonico,
770 1811 851 1894 quod
873 1811 947 1874 alia's
969 1810 1130 1874 colendam
1151 1809 1341 1876 carbonicam
1358 1809 1455 1886 soluit,
1476 1815 1635 1872 mutantur.
1680 1805 1779 1868 Lami-

177 1951 242 1996 nas
267 1931 361 2014 plane
382 1931 506 1996 subtiles
528 1953 642 2013 osseas,
663 1954 788 2018 quanam
811 1934 954 2015 cartilago
977 1935 1135 2017 coquendo
1158 1955 1226 1998 cuna
1255 1941 1377 2016 potasse
1409 1933 1567 1994 maximam
1589 1937 1705 2012 partem
1726 1947 1778 1992 ax-

181 2063 291 2120 tracta
310 2061 381 2134 erat,
403 2075 472 2120 cnm
493 2063 651 2122 tractarem
672 2059 728 2122 sub
750 2059 951 2141 microscopio
974 2079 1042 2124 cnm
1066 2058 1161 2120 acido
1174 2057 1282 2120 uitrico
1303 2057 1351 2120 vel
1375 2055 1620 2137 bydrccblorico,
1652 2071 1779 2136 semper,

181 2179 318 2244 simulac
340 2168 457 2242 acidum
478 2201 499 2243 a
520 2181 653 2262 margine
673 2181 855 2263 corpuscula
876 2183 1039 2263 attingeret,
1061 2202 1099 2244 ex
1121 2201 1303 2264 unoquoque
1325 2201 1430 2244 eorum
1452 2179 1608 2262 paululum
1636 2178 1715 2242 adria
1736 2177 1777 2240 is-

182 2323 248 2386 que
270 2303 448 2387 plerumque
465 2305 578 2384 majori
599 2305 696 2386 copia,
717 2325 806 2389 quam
828 2306 977 2386 capacitas
1000 2305 1171 2386 corpusculi
1192 2305 1318 2382 valebat,
1340 2304 1484 2368 discessit.
1635 2375 1640 2388 ⁶

351 2431 540 2510 Quamquam
553 2427 681 2492 dubitari
697 2449 758 2492 nou
773 2435 880 2510 potest,
900 2429 975 2512 ,quin
1003 2428 1091 2492 color
1102 2429 1188 2492 albus
1203 2429 1316 2492 ossium
1334 2429 1521 2510 potissimum
1532 2427 1569 2490 ab
1592 2425 1652 2494 illie
1673 2423 1777 2506 figuris

15 2611 28 2646 ,³
114 2601 120 2612 ,
188 2551 341 2632 originem
368 2551 466 2629 ducat,
493 2552 565 2634 quin
588 2553 676 2616 color
686 2553 771 2616 albus
782 2553 887 2616 baram
899 2553 1062 2633 figurarum
1085 2553 1182 2630 acido,
1204 2553 1326 2632 organis
1335 2552 1494 2632 pellucidis
1504 2550 1624 2626 relictis,
1646 2548 1777 2626 tollatur,

184 2675 265 2758 quin
294 2693 407 2755 organa
435 2681 504 2738 anto
538 2675 767 2739 ossilirationem
789 2674 969 2755 cartilaginis
992 2675 1190 2758 (corpuscula
1211 2675 1290 2736 eain
1312 2675 1484 2738 canaliculis
1508 2672 1664 2758 destituta)
1701 2691 1778 2736 non·

185 2797 264 2860 dum
287 2783 438 2874 alba,.sed
458 2797 610 2877 pellucida
633 2803 753 2878 praesto
776 2797 843 2874 sint,
865 2804 995 2860 attamen
1017 2795 1198 2876 corpuscula
1209 2796 1322 2860 ossium
1338 2803 1368 2858 ct
1391 2796 1549 2858 canaliculi
1570 2817 1633 2860 non
1654 2796 1776 2856 unicum

185 2919 393 2984 babitaculum
414 2919 521 2984 salium
543 2921 747 2985 calcareornm
770 2939 839 2984 esse
856 2928 986 3001 possunt
1007 2927 1037 2983 et
1058 2919 1187 2982 maxima
1208 2919 1354 2982 calcariae
1375 2939 1446 3000 pars
1468 2928 1520 2982 aut
1541 2919 1705 3000 cartilagini
1721 2937 1777 2980 nu·

185 3051 243 3126 pta
275 3044 385 3106 autin
412 3052 498 3126 parte
527 3045 604 3110 ossis
631 3043 795 3126 pellucido,
822 3051 907 3108 extra
934 3043 986 3106 illa
1014 3061 1127 3124 organa
1155 3043 1289 3126 interque
1311 3043 1429 3121 eadem,
1459 3051 1504 3108 est
1537 3049 1685 3108 contenta.
1740 3039 1776 3104 ld

185 3167 275 3252 quod
290 3173 386 3232 certo
414 3168 612 3232 demonstrari
638 3174 745 3249 potest.
790 3167 922 3231 Primum
944 3168 1022 3230 enim
1045 3167 1224 3248 corpuscula
1246 3187 1409 3250 eorumque
1432 3167 1590 3232 canaliculi
1613 3169 1644 3230 in
1666 3166 1776 3230 multo-

184 3313 258 3356 rum
286 3290 413 3374 piscium
443 3293 561 3355 ossibus
588 3311 651 3356 non
680 3297 842 3354 occurrunt
868 3311 896 3354 e.
923 3311 949 3354 o.
979 3291 1086 3354 Esocis
1112 3289 1184 3354 lucii
1212 3297 1244 3354 at
1271 3291 1409 3356 aliorum.
1460 3291 1577 3356 Deinde
1599 3311 1670 3356 ossa
1692 3310 1776 3354 com·
1838 3299 1842 3308 “

186 3417 279 3478 busta
302 3423 354 3478 ant
375 3415 478 3478 lixivio
499 3415 560 3478 kali
584 3415 735 3478 carbonici
757 3415 899 3478 bulliente
921 3421 1046 3492 tractata
1067 3415 1162 3478 multo
1185 3414 1254 3496 plus
1276 3414 1422 3478 calcariae
1445 3416 1552 3495 edunt,
1583 3436 1671 3502 quam
1694 3415 1775 3498 quod

187 3539 246 3604 illa
274 3559 387 3620 organa
416 3546 450 3602 et·
474 3539 634 3604 canaliculi
662 3539 821 3621 complecti
848 3539 978 3620 possint,
1007 3539 1121 3604 etiamsi
1151 3539 1263 3603 salibus
1295 3539 1437 3604 cdrareis
1467 3541 1558 3606 dense
1586 3539 1687 3602 referti
1708 3539 1775 3601 sint

185 3666 349 3731 Postremo
370 3661 447 3727 salia
468 3663 603 3726 calcarea
629 3662 697 3744 plus
720 3663 843 3727 dimidio
864 3664 1008 3745 ponderis
1030 3665 1108 3728 ossis
1129 3671 1266 3747 aequant.
1312 3667 1391 3728 Ossa
1413 3665 1567 3728 combusta
1588 3664 1692 3726 eadem
1713 3664 1777 3724 iere

188 3790 292 3854 torma
312 3794 343 3849 et
364 3787 559 3868 amplitudbre
584 3786 732 3869 gandent,
762 3808 821 3870 qna
843 3793 911 3850 ante
933 3786 1184 3866 combustionem,
1215 3788 1298 3870 quod
1318 3808 1373 3870 per
1394 3789 1595 3869 experimenta
1616 3807 1685 3850 cum
1706 3805 1777 3868 par-

188 3913 235 3976 vis
265 3909 385 3974 laminis
413 3910 510 3974 osseis
540 3909 703 3974 clarissime
732 3910 873 3976 cernitur.
923 3910 990 3973 Nec
1018 3910 1105 3974 aliter
1130 3910 1258 3976 laminae
1284 3932 1390 3976 osseae
1418 3933 1452 3976 se
1473 3911 1596 3990 babent,
1623 3931 1701 3995 qnae
1723 3930 1776 3974 co-

17 3990 59 4040 ᾖ
174 4035 317 4119 quando
342 4055 411 4096 cnm
438 4041 560 4116 potasse
588 4033 761 4115 cartilagine
790 4035 954 4116 privantur.
1005 4035 1171 4098 Canaliculi
1193 4036 1441 4116 corpusculorum
1464 4056 1619 4102 osseornm
1640 4036 1776 4120 quamvis

188 4161 289 4222 densa
317 4159 391 4222 retia
417 4159 524 4222 sistant
550 4165 581 4221 et
609 4158 706 4222 minus
735 4159 859 4224 subtiles
886 4159 1014 4222 lammae
1043 4179 1148 4224 osseae
1177 4161 1336 4224 mammam
1358 4168 1472 4243 partem
1494 4181 1533 4224 ex
1553 4160 1634 4226 bisce
1655 4161 1775 4244 organis

189 4289 351 4348 contextae
376 4301 443 4344 esse
470 4283 639 4361 videantur,
661 4289 790 4346 unomen
810 4283 948 4348 subtilius
969 4293 1038 4348 cote
1059 4284 1202 4365 poliendo
1225 4286 1434 4362 observamus,
1457 4285 1637 4368 corpuscula
1658 4287 1773 4352 ossium

188 4411 295 4488 jacere
316 4405 458 4485 dispersa,
479 4407 575 4486 spatia
596 4407 770 4470 intermedia
792 4407 920 4488 pluries,
940 4428 1030 4490 saepe
1053 4408 1153 4472 madtis
1173 4408 1308 4489 partibus
1330 4409 1504 4474 &metrum
1526 4411 1774 4493 corpmcnlornm

193 4531 309 4596 ossium
340 4547 499 4610 superare,
526 4535 556 4592 et
588 4531 709 4596 canales
730 4551 865 4615 quoque,
897 4531 1013 4595 etiamsi
1043 4531 1217 4596 densissime
1245 4533 1302 4598 sibi
1329 4532 1457 4598 induam
1488 4535 1659 4615 adjaceant,
1686 4533 1776 4597 nnn.

195 4655 315 4720 ominus
343 4655 420 4718 inter
440 4671 474 4716 se
496 4651 663 4735 relinqnem
684 4655 887 4736 substantiam,
907 4676 984 4739 quac
1006 4655 1179 4720 canaliculis
1201 4657 1445 4744 corpusculisque
1467 4659 1579 4724 ossium
1602 4660 1699 4739 major
1719 4667 1773 4724 ast.

194 4779 278 4844 llaec
306 4799 380 4842 varo
402 4785 448 4842 est
469 4776 647 4856 substantia,
676 4799 754 4861 quae
774 4780 894 4846 laminis
915 4779 1012 4846 osseis
1033 4801 1100 4846 cum
1121 4787 1245 4863 potasaa
1265 4782 1357 4848 canoa
1379 4790 1410 4848 et
1437 4783 1609 4864 cartilagine
1641 4790 1774 4849 exoacta

60 4863 80 4908 ⁵
196 4903 297 4968 album
317 4902 440 4968 assumit
460 4899 604 4968 colorem.

19 5002 69 5028 ‘a

30 5036 57 5054 ,ὁ
