4768 5894
1369 488 1450 564 242

510 695 518 714 ’
615 723 705 790 quam
727 723 826 784 exesa,
849 724 885 767 ao
906 704 1083 786 plerumque
1106 701 1258 785 aliquanto
1281 701 1401 764 tenuior
1421 705 1468 764 est
1489 717 1579 783 quam
1605 699 1686 762 idem
1720 718 1756 764 os
1786 699 1908 762 alterim
1936 697 2050 762 lateris.
2101 699 2159 762 Os
2183 717 2240 760 re·

616 836 798 912 generatum,
821 830 909 909 cujus
931 847 1051 910 semper
1072 828 1179 907 major,
1202 845 1291 908 quam
1313 827 1410 888 iuerat
1430 825 1552 903 veteris,
1576 825 1702 888 ambitus
1724 831 1840 902 manet,
1870 823 2009 888 omnibus
2038 823 2136 904 bujus
2164 842 2241 886 mu·

616 955 739 1018 neribus
761 953 902 1034 iungitur.
2023 1031 2025 1039 Ι

636 1061 642 1076 ’
776 1079 858 1140 llaec
879 1081 949 1139 aunt
959 1075 1173 1157 phaenomena,
1195 1093 1272 1156 quae
1294 1073 1326 1137 iu
1347 1073 1468 1136 neomai
1489 1074 1605 1136 interna
1620 1071 2045 1155 oonspimunbrrpriuoipalia3
2064 1072 2133 1152 jana
2151 1091 2240 1136 vero

619 1201 777 1290 quaeritur,
799 1220 860 1283 qua
880 1200 998 1262 ratione
1020 1198 1198 1280 explicanda
1219 1199 1298 1262 sint?
1320 1199 1354 1260 ln
1376 1216 1437 1280 qua
1460 1197 1636 1279 quaestione
1657 1203 1691 1259 ut
1714 1195 1819 1259 ordine
1834 1195 1965 1278 quodam
1982 1196 2237 1278 progrediamur,

617 1327 746 1409 primum
768 1325 975 1407 disquiremus,
997 1323 1150 1406 quomodo
1173 1323 1226 1384 fiat
1246 1341 1359 1384 novum
1382 1337 1418 1386 os
1441 1323 1617 1385 externum?
1652 1320 1738 1400 dein,
1772 1320 1844 1405 quid
1878 1319 1935 1382 sibi
1962 1319 2036 1383 velit
2057 1319 2236 1384 substantia

617 1450 728 1526 mollis,
750 1469 827 1532 quae
850 1449 928 1510 inter
948 1449 1049 1510 vivum
1072 1453 1299 1529 emortuumque
1322 1464 1358 1507 os
1380 1446 1522 1522 exoritrrr,
1551 1451 1581 1508 et
1602 1452 1744 1528 tauquam
1766 1444 1939 1506 membrana
1968 1462 2004 1507 os
2027 1463 2141 1508 novum
2167 1445 2230 1508 ob-

618 1574 722 1648 vestit;
746 1591 824 1657 quae
846 1573 1093 1635 commutationes
1115 1572 1147 1632 in
1170 1590 1206 1632 ea
1227 1577 1298 1652 post
1320 1572 1445 1650 ejectam
1467 1569 1596 1632 fistulam
1627 1576 1793 1632 emortuam
1821 1568 1963 1646 existant,
1996 1588 2134 1653 quaeque
2152 1587 2226 1632 ona·

619 1699 692 1767 nino
715 1697 824 1761 seriori
846 1703 981 1778 tempore
1003 1696 1034 1758 iu
1057 1713 1138 1758 novo
1163 1713 1232 1758 osse
1255 1695 1438 1776 appareant?
1471 1693 1616 1777 (lenique,
1649 1711 1727 1776 quae
1758 1693 1797 1756 sit
1829 1692 2003 1756 cloacarum
2031 1693 2104 1757 ratio
2126 1699 2223 1777 atque

621 1821 783 1886 formatio?

1170 2051 1218 2102 De
1236 2051 1451 2102 formatione
1470 2052 1551 2100 nori
1569 2052 1667 2103 orair.

781 2192 841 2274 Qui
864 2191 902 2254 rle
923 2190 1148 2272 regeneratione
1171 2191 1293 2268 ossium,
1316 2209 1393 2273 quae
1415 2197 1486 2272 post
1507 2190 1647 2252 uecrosin
1679 2189 1831 2266 exoritur,
1852 2189 1985 2271 propriis
2007 2188 2216 2270 experimentis

620 2317 852 2401 inquisiverunt,
885 2315 971 2378 binas
1001 2315 1130 2376 maxime
1159 2313 1216 2377 sibi
1237 2314 1388 2375 finxerunt
1417 2313 1612 2396 eogitationes
1634 2314 1713 2376 inter
1733 2333 1767 2377 sa
1790 2313 1954 2376 arctissime
1986 2315 2166 2395 conjunctas
2192 2319 2223 2376 et

623 2440 848 2526 quodammodo
871 2458 908 2500 ex
931 2438 1113 2501 seinvicem
1137 2444 1237 2518 aptas;
1261 2455 1387 2519 quarum
1410 2436 1504 2498 altera
1525 2437 1557 2499 iu
1579 2437 1764 2500 aestimando
1787 2437 1899 2500 ambitu
1920 2437 2056 2502 necrosis
2077 2445 2224 2515 versabar,

623 2566 718 2629 altera
739 2563 812 2628 novi
835 2563 912 2626 ossis
935 2562 1047 2624 iontem
1070 2566 1158 2643 atque
1182 2561 1326 2640 originem
1349 2567 1474 2641 spectat.
1519 2561 1654 2642 Troja,
1677 2581 1768 2644 quum
1790 2561 1887 2646 prima
1908 2561 1965 2624 bae
1987 2561 2026 2625 de
2047 2582 2084 2625 re
2107 2563 2223 2646 experi-

621 2697 722 2754 menta
742 2686 878 2762 iustimit,
900 2685 1050 2746 destructa
1072 2683 1203 2746 medulla
1224 2683 1316 2747 totius
1339 2685 1417 2747 ossis
1438 2685 1548 2748 veteris
1575 2692 1703 2748 mortem
1734 2686 1893 2750 arbitratus
1920 2692 1966 2750 est
1994 2686 2115 2762 induoi;
2147 2687 2223 2750 ida·

621 2819 692 2895 post
712 2811 797 2873 illum
820 2809 1002 2889 Gbopart,
1025 2808 1162 2885 David,
1183 2808 1467 2887 Blumeubacb,
1496 2809 1656 2888 Koeler,
1683 2810 1864 2889 Desault,
1894 2811 2138 2875 Maedouald
2158 2831 2219 2874 seu·

622 2941 735 3002 aemut.
787 2935 867 2996 luter
889 2933 1071 2995 reoeutiorea
1094 2932 1158 3013 ipse
1180 2932 1269 2994 etiam
1290 2933 1434 2995 Biehat
1455 2933 1486 2994 iu
1509 2935 1586 2996 bano
1608 2935 1785 2998 senteutiam
1806 2935 1890 3012 abiit,
1921 2941 2010 3019 atque
2041 2935 2214 2999 Cruveil·

621 3061 717 3136 bier,
741 3061 917 3134 Kortum,
940 3056 1100 3136 Meding
1122 3056 1199 3118 hano
1221 3056 1346 3118 eandem
1368 3056 1496 3118 maxime
1516 3057 1548 3119 iu
1571 3057 1744 3137 judicandis
1766 3059 1819 3137 iis,
1852 3079 1930 3142 quae
1958 3060 1992 3122 in
2013 3057 2211 3142 experimmtis

623 3183 686 3246 suia
710 3181 920 3257 observabant,
943 3180 1152 3262 sequebantur.
1197 3180 1274 3242 ilinc
1296 3180 1361 3242 lieri
1383 3173 1481 3261 paene
1503 3199 1566 3243 uon
1587 3187 1713 3261 poterat,
1736 3182 1809 3265 quin
1830 3183 2218 3266 itailliargumeutareutau,

623 3311 709 3370 vetus
732 3323 768 3367 os
789 3305 822 3366 in
843 3304 1014 3384 generando
1037 3321 1119 3366 novo
1142 3303 1241 3366 nullas
1264 3323 1353 3384 agere
1375 3311 1486 3384 portes,
1509 3323 1666 3388 novaeque
1688 3305 1870 3370 substantiae
1881 3326 1988 3371 osseae
2011 3308 2220 3372 formationem

624 3430 656 3492 in
678 3428 813 3510 partibus
835 3427 975 3489 mollibus
998 3427 1103 3488 vicinia
1124 3427 1229 3507 perfici
1251 3427 1300 3489 vel
1324 3447 1361 3489 ex
1383 3429 1420 3490 iis
1443 3427 1603 3508 proficisci.
1646 3431 1750 3513 ltaque
1772 3450 1886 3512 omues,
1908 3452 1986 3516 quos
2004 3432 2076 3511 dixi,
2098 3434 2224 3514 scripto·

625 3571 674 3616 res
696 3551 806 3614 inbac
828 3569 944 3613 summa
966 3549 1112 3612 sententia
1134 3549 1303 3626 concinunt,
1327 3557 1356 3612 et
1378 3551 1583 3614 unmmmodo
1607 3552 1716 3616 devia
1746 3561 1835 3638 atque
1861 3557 1990 3634 ratione,
2023 3575 2086 3640 qua
2112 3574 2225 3620 novum

625 3697 661 3742 oa
684 3676 806 3751 oriatur,
829 3681 920 3756 prout
942 3693 1056 3750 eorum,
1079 3693 1156 3755 quae
1179 3673 1305 3756 quisque
1328 3673 1534 3754 observasset,
1569 3695 1661 3740 unum
1683 3677 1848 3743 alterumve
1869 3680 1993 3761 majoris
2014 3681 2160 3744 momenti
2179 3679 2224 3742 vi-

624 3821 690 3865 sum
714 3806 800 3876 esset,
822 3799 915 3880 magis
939 3799 1074 3862 minusve
1096 3799 1174 3861 iuter
1194 3818 1228 3861 se
1251 3797 1437 3862 dissentiunt.

784 3926 904 4003 Troja
927 3923 998 4006 (l),
1028 3924 1093 3986 aliis
1116 3923 1295 4000 rationibus,
1330 3931 1363 3986 ut
1385 3924 1521 4004 opinioni
1543 3945 1562 3988 a
1592 3926 1639 3988 du
1667 3926 1798 3992 liamel
1819 3929 1994 4010 propositae
2027 3935 2224 4010 oppugnaret,

627 4048 780 4124 adductus,
804 4065 895 4129 quum
919 4045 1141 4125 diligentissime
1162 4047 1288 4128 primaru
1311 4047 1498 4110 formationis
1520 4049 1678 4129 periodum
1698 4071 1883 4135 persequens
1903 4053 2053 4136 liquorem
2075 4052 2226 4136 quendam

625 4172 719 4234 latere
742 4173 859 4234 interno
882 4169 1024 4252 periostei
1047 4177 1136 4252 atque
1158 4170 1189 4232 iu
1213 4169 1311 4250 ipsum
1333 4171 1516 4251 periosteum
1539 4172 1680 4235 exsudari
1708 4173 1913 4254 observasset,
1949 4196 1988 4240 ex
2019 4179 2079 4242 boe
2105 4177 2224 4262 liquore

627 4313 737 4358 novum
762 4315 797 4357 os
820 4295 941 4357 iormari
964 4301 1052 4376 atque
1075 4295 1116 4356 ita
1138 4300 1253 4358 tautum
1282 4293 1429 4356 ossiiicari
1458 4295 1639 4376 periosteum
1668 4296 1782 4375 voluit,
1815 4299 1898 4382 quod
1930 4301 2073 4384 sinqrrlari
2105 4301 2224 4386 liquore

629 4417 749 4483 ossitieo
774 4416 847 4478 illud
869 4421 1023 4498 pertusum
1046 4425 1135 4482 esset.
1179 4417 1275 4480 Etiam
1299 4418 1474 4500 Ghopart
1489 4419 1541 4502 (2)
1564 4419 1774 4484 formationem
1795 4423 1868 4486 novi
1889 4425 1968 4490 ossis
1998 4426 2123 4490 materie
2144 4425 2223 4489 oasi-

626 4546 684 4608 iiea
706 4545 782 4606 iuter
803 4547 894 4602 strata
922 4541 1064 4620 periostei
1096 4543 1239 4606 exsudata
1269 4542 1429 4606 arbitratur
1457 4544 1531 4605 fieri.
1588 4542 1721 4607 Auctore
1753 4545 2013 4613 Blurueubaob
2035 4549 2089 4638 (3)
2123 4549 2223 4616 fistula

629 4681 950 4701 *ψ

787 4753 828 4818 (1)
847 4751 926 4818 'lroj
937 4769 960 4818 a,
979 4755 1012 4803 ele
1030 4769 1091 4806 aar.
1111 4771 1160 4811 ora.
1179 4771 1269 4818 repen.
1287 4774 1312 4821 p.
1331 4755 1376 4820 42,
1394 4755 1439 4811 44.
1476 4753 1569 4819 ujurt.
1588 4773 1657 4807 neue
1674 4759 1756 4818 neon.
1774 4764 1830 4813 uari
1846 4765 1916 4818 Vera.
1935 4781 1961 4830 p.
1980 4764 2023 4817 tt.

786 4846 827 4912 (2)
846 4846 1012 4909 Cbopart,
1031 4844 1050 4892 l.
1069 4859 1093 4892 e.
1113 4844 1249 4908 (anserles.
1268 4847 1399 4900 Abbanrll.
1417 4853 1480 4894 torn.
1500 4843 1557 4908 vt.)
1576 4863 1602 4910 p.
1621 4846 1684 4900 221.

785 4933 826 5000 (3)
846 4933 1095 4996 lllurueubaeb,
1114 4934 1148 4988 ei.
1167 4935 1326 4984 liicbtera
1345 4934 1410 4984 ebir.
1430 4934 1499 4991 lilbl,
1518 4942 1582 4986 tour.
1601 4938 1645 4993 vt,
1663 4956 1688 5003 p.
1710 4939 1772 4997 10¹1,
