<?xml version="1.0" encoding="UTF-8"?>
<!DOCTYPE html PUBLIC "-//W3C//DTD XHTML 1.0 Transitional//EN"
    "http://www.w3.org/TR/xhtml1/DTD/xhtml1-transitional.dtd">
<html xmlns="http://www.w3.org/1999/xhtml" xml:lang="en" lang="en">
 <head>
  <title>
</title>
<meta http-equiv="Content-Type" content="text/html;charset=utf-8" />
  <meta name='ocr-system' content='tesseract 3.04.00' />
  <meta name='ocr-capabilities' content='ocr_page ocr_carea ocr_par ocr_line ocrx_word'/>
</head>
<body>
  <div class='ocr_page' id='page_1' title='image "./deinflammatione00mlgoog_0136.png"; bbox 0 0 4784 5894; ppageno 0'>
   <div class='ocr_carea' id='block_1_1' title="bbox 966 521 1041 597">
    <p class='ocr_par' dir='ltr' id='par_1_1' title="bbox 966 521 1041 597">
     <span class='ocr_line' id='line_1_1' title="bbox 966 521 1041 597; baseline 0.04 -3"><span class='ocrx_word' id='word_1_1' title='bbox 966 521 1041 597; x_wconf 87' lang='grc'>117</span> 
     </span>
    </p>
   </div>
   <div class='ocr_carea' id='block_1_2' title="bbox 190 727 1804 1311">
    <p class='ocr_par' dir='ltr' id='par_1_2' title="bbox 190 727 1804 1311">
     <span class='ocr_line' id='line_1_2' title="bbox 195 727 1804 818; baseline 0 -24"><span class='ocrx_word' id='word_1_2' title='bbox 195 739 286 815; x_wconf 79' lang='lat' dir='ltr'>atque</span> <span class='ocrx_word' id='word_1_3' title='bbox 308 747 381 794; x_wconf 86' lang='lat' dir='ltr'>van</span> <span class='ocrx_word' id='word_1_4' title='bbox 409 731 618 794; x_wconf 87' lang='lat' dir='ltr'>lleekeren</span> <span class='ocrx_word' id='word_1_5' title='bbox 642 728 699 815; x_wconf 82' lang='grc' dir='ltr'>(Ι)</span> <span class='ocrx_word' id='word_1_6' title='bbox 729 727 897 794; x_wconf 77' lang='lat' dir='ltr'>doctrinam</span> <span class='ocrx_word' id='word_1_7' title='bbox 925 733 1076 794; x_wconf 82' lang='lat' dir='ltr'>aliona</span> <span class='ocrx_word' id='word_1_8' title='bbox 1098 733 1285 814; x_wconf 70' lang='lat' dir='ltr'>propositam</span> <span class='ocrx_word' id='word_1_9' title='bbox 1308 733 1359 794; x_wconf 86' lang='lat' dir='ltr'>vix</span> <span class='ocrx_word' id='word_1_10' title='bbox 1387 737 1531 794; x_wconf 72' lang='lat' dir='ltr'>mmmmm</span> <span class='ocrx_word' id='word_1_11' title='bbox 1548 733 1730 808; x_wconf 87' lang='lat' dir='ltr'>·renovavit;</span> <span class='ocrx_word' id='word_1_12' title='bbox 1752 734 1804 818; x_wconf 89' lang='lat' dir='ltr'>qui</span> 
     </span>
     <span class='ocr_line' id='line_1_3' title="bbox 195 854 1802 940; baseline 0.001 -22"><span class='ocrx_word' id='word_1_13' title='bbox 195 856 233 918; x_wconf 90' lang='lat' dir='ltr'>ab</span> <span class='ocrx_word' id='word_1_14' title='bbox 256 856 340 919; x_wconf 89' lang='lat' dir='ltr'>initio</span> <span class='ocrx_word' id='word_1_15' title='bbox 364 873 402 918; x_wconf 86' lang='lat' dir='ltr'>ex</span> <span class='ocrx_word' id='word_1_16' title='bbox 423 856 504 918; x_wconf 87' lang='lat' dir='ltr'>vasis</span> <span class='ocrx_word' id='word_1_17' title='bbox 526 854 717 936; x_wconf 71' lang='lat' dir='ltr'><strong>lymphaticis</strong></span> <span class='ocrx_word' id='word_1_18' title='bbox 741 855 873 920; x_wconf 79' lang='lat' dir='ltr'>discissis</span> <span class='ocrx_word' id='word_1_19' title='bbox 896 863 986 938; x_wconf 86' lang='lat' dir='ltr'>atque</span> <span class='ocrx_word' id='word_1_20' title='bbox 1007 856 1132 920; x_wconf 80' lang='lat' dir='ltr'>irritatis¹</span> <span class='ocrx_word' id='word_1_21' title='bbox 1143 856 1305 938; x_wconf 86' lang='lat' dir='ltr'>lympham,</span> <span class='ocrx_word' id='word_1_22' title='bbox 1329 877 1419 940; x_wconf 88' lang='lat' dir='ltr'>quam</span> <span class='ocrx_word' id='word_1_23' title='bbox 1440 855 1515 918; x_wconf 90' lang='lat' dir='ltr'>dixit</span> <span class='ocrx_word' id='word_1_24' title='bbox 1525 855 1690 938; x_wconf 83' lang='lat' dir='ltr'>plasticam,</span> <span class='ocrx_word' id='word_1_25' title='bbox 1713 877 1802 920; x_wconf 87' lang='lat' dir='ltr'>cxsu-</span> 
     </span>
     <span class='ocr_line' id='line_1_4' title="bbox 194 979 1801 1062; baseline 0.001 -19"><span class='ocrx_word' id='word_1_26' title='bbox 194 981 259 1043; x_wconf 84' lang='lat' dir='ltr'>dari</span> <span class='ocrx_word' id='word_1_27' title='bbox 282 979 500 1051; x_wconf 79' lang='lat' dir='ltr'>arbitrabatur3</span> <span class='ocrx_word' id='word_1_28' title='bbox 523 981 553 1040; x_wconf 93' lang='lat' dir='ltr'>in</span> <span class='ocrx_word' id='word_1_29' title='bbox 576 981 633 1042; x_wconf 92' lang='lat' dir='ltr'>hac</span> <span class='ocrx_word' id='word_1_30' title='bbox 654 979 801 1060; x_wconf 82' lang='lat' dir='ltr'>insignem</span> <span class='ocrx_word' id='word_1_31' title='bbox 822 979 883 1041; x_wconf 87' lang='lat' dir='ltr'>vim</span> <span class='ocrx_word' id='word_1_32' title='bbox 904 999 1049 1050; x_wconf 81' lang='lat' dir='ltr'>vasorum</span> <span class='ocrx_word' id='word_1_33' title='bbox 1080 981 1348 1044; x_wconf 89' lang='lat' dir='ltr'>minutissimorum</span> <span class='ocrx_word' id='word_1_34' title='bbox 1372 979 1518 1062; x_wconf 75' lang='lat' dir='ltr'>dispergi,</span> <span class='ocrx_word' id='word_1_35' title='bbox 1542 999 1578 1042; x_wconf 89' lang='lat' dir='ltr'>ac</span> <span class='ocrx_word' id='word_1_36' title='bbox 1599 979 1689 1044; x_wconf 90' lang='lat' dir='ltr'>simul</span> <span class='ocrx_word' id='word_1_37' title='bbox 1712 999 1801 1044; x_wconf 86' lang='lat' dir='ltr'>vaso-</span> 
     </span>
     <span class='ocr_line' id='line_1_5' title="bbox 190 1103 1800 1198; baseline -0.001 -30"><span class='ocrx_word' id='word_1_38' title='bbox 190 1125 259 1168; x_wconf 87' lang='lat' dir='ltr'>rum</span> <span class='ocrx_word' id='word_1_39' title='bbox 281 1104 500 1166; x_wconf 89' lang='lat' dir='ltr'>resorbeutium</span> <span class='ocrx_word' id='word_1_40' title='bbox 524 1103 642 1165; x_wconf 85' lang='lat' dir='ltr'>actione</span> <span class='ocrx_word' id='word_1_41' title='bbox 665 1103 741 1165; x_wconf 86' lang='lat' dir='ltr'>tiues</span> <span class='ocrx_word' id='word_1_42' title='bbox 764 1123 889 1184; x_wconf 85' lang='lat' dir='ltr'>asperos</span> <span class='ocrx_word' id='word_1_43' title='bbox 912 1106 1041 1186; x_wconf 88' lang='lat' dir='ltr'>partium</span> <span class='ocrx_word' id='word_1_44' title='bbox 1064 1105 1147 1198; x_wconf 50' lang='lat' dir='ltr'>ossis¹</span> <span class='ocrx_word' id='word_1_45' title='bbox 1167 1105 1253 1168; x_wconf 82' lang='lat' dir='ltr'>hecti</span> <span class='ocrx_word' id='word_1_46' title='bbox 1276 1105 1405 1168; x_wconf 87' lang='lat' dir='ltr'>emolliri</span> <span class='ocrx_word' id='word_1_47' title='bbox 1428 1110 1457 1166; x_wconf 88' lang='lat' dir='ltr'>et</span> <span class='ocrx_word' id='word_1_48' title='bbox 1479 1103 1641 1184; x_wconf 77' lang='lat' dir='ltr'>laevigari3</span> <span class='ocrx_word' id='word_1_49' title='bbox 1673 1123 1712 1166; x_wconf 89' lang='lat' dir='ltr'>ex</span> <span class='ocrx_word' id='word_1_50' title='bbox 1734 1111 1800 1166; x_wconf 91' lang='lat' dir='ltr'>toto</span> 
     </span>
     <span class='ocr_line' id='line_1_6' title="bbox 191 1227 1797 1311; baseline -0.002 -19"><span class='ocrx_word' id='word_1_51' title='bbox 191 1229 261 1292; x_wconf 90' lang='lat' dir='ltr'>dein</span> <span class='ocrx_word' id='word_1_52' title='bbox 285 1229 363 1292; x_wconf 89' lang='lat' dir='ltr'>ossis</span> <span class='ocrx_word' id='word_1_53' title='bbox 387 1228 499 1290; x_wconf 88' lang='lat' dir='ltr'>ambitu</span> <span class='ocrx_word' id='word_1_54' title='bbox 522 1235 611 1308; x_wconf 84' lang='lat' dir='ltr'>atque</span> <span class='ocrx_word' id='word_1_55' title='bbox 634 1245 673 1289; x_wconf 86' lang='lat' dir='ltr'>ex</span> <span class='ocrx_word' id='word_1_56' title='bbox 694 1227 847 1308; x_wconf 88' lang='lat' dir='ltr'>periosteo</span> <span class='ocrx_word' id='word_1_57' title='bbox 870 1229 1010 1311; x_wconf 80' lang='lat' dir='ltr'>utrinque</span> <span class='ocrx_word' id='word_1_58' title='bbox 1033 1247 1171 1310; x_wconf 86' lang='lat' dir='ltr'>magnam</span> <span class='ocrx_word' id='word_1_59' title='bbox 1194 1249 1337 1294; x_wconf 79' lang='lat' dir='ltr'>vasonum</span> <span class='ocrx_word' id='word_1_60' title='bbox 1359 1229 1600 1310; x_wconf 87' lang='lat' dir='ltr'>sanguilcrcram</span> <span class='ocrx_word' id='word_1_61' title='bbox 1623 1227 1743 1308; x_wconf 85' lang='lat' dir='ltr'>copiam</span> <span class='ocrx_word' id='word_1_62' title='bbox 1767 1228 1797 1288; x_wconf 89' lang='lat' dir='ltr'>in</span> 
     </span>
    </p>
   </div>
   <div class='ocr_carea' id='block_1_3' title="bbox 189 1347 1798 1462">
    <p class='ocr_par' dir='ltr' id='par_1_3' title="bbox 189 1347 1798 1462">
     <span class='ocr_line' id='line_1_7' title="bbox 189 1347 1798 1462; baseline -0.002 -46"><span class='ocrx_word' id='word_1_63' title='bbox 189 1354 343 1435; x_wconf 82' lang='lat' dir='ltr'><strong>lympham</strong></span> <span class='ocrx_word' id='word_1_64' title='bbox 366 1349 449 1414; x_wconf 91' lang='lat' dir='ltr'>illam</span> <span class='ocrx_word' id='word_1_65' title='bbox 470 1351 628 1432; x_wconf 78' lang='lat' dir='ltr'>plasticam</span> <span class='ocrx_word' id='word_1_66' title='bbox 651 1351 808 1462; x_wconf 77' lang='lat' dir='ltr'>prosilire,</span> <span class='ocrx_word' id='word_1_67' title='bbox 831 1351 960 1434; x_wconf 78' lang='lat' dir='ltr'>indeque</span> <span class='ocrx_word' id='word_1_68' title='bbox 983 1352 1073 1415; x_wconf 87' lang='lat' dir='ltr'>telam</span> <span class='ocrx_word' id='word_1_69' title='bbox 1096 1353 1291 1430; x_wconf 76' lang='lat' dir='ltr'>deliciosam,</span> <span class='ocrx_word' id='word_1_70' title='bbox 1315 1354 1449 1428; x_wconf 86' lang='lat' dir='ltr'>mbram,</span> <span class='ocrx_word' id='word_1_71' title='bbox 1471 1351 1681 1433; x_wconf 86' lang='lat' dir='ltr'>granulosem,</span> <span class='ocrx_word' id='word_1_72' title='bbox 1703 1347 1798 1414; x_wconf 81' lang='lat' dir='ltr'>sensi·</span> 
     </span>
    </p>
   </div>
   <div class='ocr_carea' id='block_1_4' title="bbox 122 1475 1865 4532">
    <p class='ocr_par' dir='ltr' id='par_1_4' title="bbox 189 1475 1799 1682">
     <span class='ocr_line' id='line_1_8' title="bbox 189 1475 1799 1560; baseline 0 -22"><span class='ocrx_word' id='word_1_73' title='bbox 189 1478 291 1554; x_wconf 77' lang='lat' dir='ltr'>bilcu,</span> <span class='ocrx_word' id='word_1_74' title='bbox 316 1495 405 1558; x_wconf 86' lang='lat' dir='ltr'>quam</span> <span class='ocrx_word' id='word_1_75' title='bbox 428 1493 550 1536; x_wconf 85' lang='lat' dir='ltr'>earnem</span> <span class='ocrx_word' id='word_1_76' title='bbox 573 1483 749 1555; x_wconf 88' lang='lat' dir='ltr'>nuncupant</span> <span class='ocrx_word' id='word_1_77' title='bbox 774 1476 912 1556; x_wconf 78' lang='lat' dir='ltr'>chirurgi,</span> <span class='ocrx_word' id='word_1_78' title='bbox 936 1477 1052 1552; x_wconf 89' lang='lat' dir='ltr'>conhci,</span> <span class='ocrx_word' id='word_1_79' title='bbox 1075 1497 1152 1560; x_wconf 88' lang='lat' dir='ltr'>quae</span> <span class='ocrx_word' id='word_1_80' title='bbox 1173 1479 1287 1540; x_wconf 87' lang='lat' dir='ltr'>reliciat</span> <span class='ocrx_word' id='word_1_81' title='bbox 1307 1477 1503 1541; x_wconf 84' lang='lat' dir='ltr'>substantiam</span> <span class='ocrx_word' id='word_1_82' title='bbox 1518 1475 1665 1553; x_wconf 65' lang='lat' dir='ltr'>ammaum</span> <span class='ocrx_word' id='word_1_83' title='bbox 1687 1475 1799 1540; x_wconf 87' lang='lat' dir='ltr'>sensim</span> 
     </span>
     <span class='ocr_line' id='line_1_9' title="bbox 189 1597 1797 1682; baseline -0.001 -18"><span class='ocrx_word' id='word_1_84' title='bbox 189 1602 265 1664; x_wconf 89' lang='lat' dir='ltr'>corii</span> <span class='ocrx_word' id='word_1_85' title='bbox 287 1607 425 1662; x_wconf 84' lang='lat' dir='ltr'>naturam</span> <span class='ocrx_word' id='word_1_86' title='bbox 446 1597 645 1664; x_wconf 70' lang='lat' dir='ltr'>uarrdscatur.</span> <span class='ocrx_word' id='word_1_87' title='bbox 669 1619 705 1660; x_wconf 84' lang='lat' dir='ltr'>ac</span> <span class='ocrx_word' id='word_1_88' title='bbox 727 1599 871 1682; x_wconf 89' lang='lat' dir='ltr'>denique,</span> <span class='ocrx_word' id='word_1_89' title='bbox 895 1619 988 1682; x_wconf 88' lang='lat' dir='ltr'>qaum</span> <span class='ocrx_word' id='word_1_90' title='bbox 1011 1609 1079 1663; x_wconf 85' lang='lat' dir='ltr'>ante</span> <span class='ocrx_word' id='word_1_91' title='bbox 1101 1601 1132 1663; x_wconf 90' lang='lat' dir='ltr'>in</span> <span class='ocrx_word' id='word_1_92' title='bbox 1156 1601 1361 1682; x_wconf 78' lang='lat' dir='ltr'>cartilaginem</span> <span class='ocrx_word' id='word_1_93' title='bbox 1383 1621 1446 1664; x_wconf 93' lang='lat' dir='ltr'>nou</span> <span class='ocrx_word' id='word_1_94' title='bbox 1468 1601 1587 1675; x_wconf 87' lang='lat' dir='ltr'>abierit,</span> <span class='ocrx_word' id='word_1_95' title='bbox 1619 1599 1797 1662; x_wconf 84' lang='lat' dir='ltr'>ossihcetur.</span> 
     </span>
    </p>

    <p class='ocr_par' dir='ltr' id='par_1_5' title="bbox 122 1721 1865 4532">
     <span class='ocr_line' id='line_1_10' title="bbox 280 1721 1797 1814; baseline -0.003 -26"><span class='ocrx_word' id='word_1_96' title='bbox 280 1809 283 1814; x_wconf 20' lang='grc' dir='ltr'>Ι</span> <span class='ocrx_word' id='word_1_97' title='bbox 349 1722 523 1788; x_wconf 87' lang='lat' dir='ltr'>Secundum</span> <span class='ocrx_word' id='word_1_98' title='bbox 546 1724 695 1786; x_wconf 86' lang='lat' dir='ltr'>liunter</span> <span class='ocrx_word' id='word_1_99' title='bbox 718 1721 770 1804; x_wconf 79' lang='lat'>(2)</span> <span class='ocrx_word' id='word_1_100' title='bbox 794 1721 916 1804; x_wconf 78' lang='lat' dir='ltr'>saraguis</span> <span class='ocrx_word' id='word_1_101' title='bbox 939 1723 1052 1787; x_wconf 73' lang='lat' dir='ltr'>chcrm</span> <span class='ocrx_word' id='word_1_102' title='bbox 1080 1724 1183 1788; x_wconf 88' lang='lat' dir='ltr'>locum</span> <span class='ocrx_word' id='word_1_103' title='bbox 1205 1727 1363 1788; x_wconf 77' lang='lat' dir='ltr'>hatraetum</span> <span class='ocrx_word' id='word_1_104' title='bbox 1386 1726 1498 1788; x_wconf 82' lang='lat' dir='ltr'>aliusue</span> <span class='ocrx_word' id='word_1_105' title='bbox 1520 1723 1688 1788; x_wconf 87' lang='lat' dir='ltr'>concrescit</span> <span class='ocrx_word' id='word_1_106' title='bbox 1709 1741 1797 1784; x_wconf 85' lang='lat' dir='ltr'>vasa-</span> 
     </span>
     <span class='ocr_line' id='line_1_11' title="bbox 188 1846 1795 1933; baseline -0.002 -21"><span class='ocrx_word' id='word_1_107' title='bbox 188 1869 247 1933; x_wconf 90' lang='lat' dir='ltr'>que</span> <span class='ocrx_word' id='word_1_108' title='bbox 270 1849 302 1910; x_wconf 91' lang='lat' dir='ltr'>in</span> <span class='ocrx_word' id='word_1_109' title='bbox 325 1866 362 1910; x_wconf 85' lang='lat' dir='ltr'>ec</span> <span class='ocrx_word' id='word_1_110' title='bbox 385 1847 582 1921; x_wconf 78' lang='lat' dir='ltr'>exoriuntur3</span> <span class='ocrx_word' id='word_1_111' title='bbox 605 1847 680 1909; x_wconf 88' lang='lat' dir='ltr'>lines</span> <span class='ocrx_word' id='word_1_112' title='bbox 704 1847 782 1910; x_wconf 88' lang='lat' dir='ltr'>ossis</span> <span class='ocrx_word' id='word_1_113' title='bbox 805 1847 890 1909; x_wconf 82' lang='lat' dir='ltr'>tracti</span> <span class='ocrx_word' id='word_1_114' title='bbox 914 1848 1147 1912; x_wconf 77' lang='lat' dir='ltr'>hahammaticne</span> <span class='ocrx_word' id='word_1_115' title='bbox 1170 1849 1376 1931; x_wconf 88' lang='lat' dir='ltr'>corripiuntur</span> <span class='ocrx_word' id='word_1_116' title='bbox 1398 1869 1467 1913; x_wconf 89' lang='lat' dir='ltr'>cum</span> <span class='ocrx_word' id='word_1_117' title='bbox 1497 1846 1695 1911; x_wconf 78' lang='lat' dir='ltr'>exsudatione</span> <span class='ocrx_word' id='word_1_118' title='bbox 1722 1864 1795 1908; x_wconf 90' lang='lat' dir='ltr'>con-</span> 
     </span>
     <span class='ocr_line' id='line_1_12' title="bbox 184 1969 1795 2058; baseline -0.002 -22"><span class='ocrx_word' id='word_1_119' title='bbox 184 1976 307 2054; x_wconf 85' lang='lat' dir='ltr'>juncta,</span> <span class='ocrx_word' id='word_1_120' title='bbox 331 1971 421 2034; x_wconf 89' lang='lat' dir='ltr'>simul</span> <span class='ocrx_word' id='word_1_121' title='bbox 443 1969 654 2046; x_wconf 89' lang='lat' dir='ltr'>emolliuntur,</span> <span class='ocrx_word' id='word_1_122' title='bbox 675 1969 758 2034; x_wconf 86' lang='lat' dir='ltr'>vasis</span> <span class='ocrx_word' id='word_1_123' title='bbox 781 1969 999 2050; x_wconf 84' lang='lat' dir='ltr'>copiosissimis</span> <span class='ocrx_word' id='word_1_124' title='bbox 1016 1973 1215 2036; x_wconf 85' lang='lat' dir='ltr'>instruuntur</span> <span class='ocrx_word' id='word_1_125' title='bbox 1242 1974 1451 2058; x_wconf 86' lang='lat' dir='ltr'>marginesqua</span> <span class='ocrx_word' id='word_1_126' title='bbox 1479 1972 1560 2036; x_wconf 82' lang='lat' dir='ltr'>acuti</span> <span class='ocrx_word' id='word_1_127' title='bbox 1588 1969 1795 2043; x_wconf 86' lang='lat' dir='ltr'>resorbentur;</span> 
     </span>
     <span class='ocr_line' id='line_1_13' title="bbox 192 2093 1794 2179; baseline -0.002 -19"><span class='ocrx_word' id='word_1_128' title='bbox 192 2097 356 2160; x_wconf 86' lang='lat' dir='ltr'>ossilicatic</span> <span class='ocrx_word' id='word_1_129' title='bbox 380 2095 419 2156; x_wconf 90' lang='lat' dir='ltr'>ad</span> <span class='ocrx_word' id='word_1_130' title='bbox 441 2097 539 2175; x_wconf 90' lang='lat' dir='ltr'>ipsum</span> <span class='ocrx_word' id='word_1_131' title='bbox 563 2113 599 2156; x_wconf 92' lang='lat' dir='ltr'>os</span> <span class='ocrx_word' id='word_1_132' title='bbox 613 2093 696 2154; x_wconf 87' lang='lat' dir='ltr'>initia</span> <span class='ocrx_word' id='word_1_133' title='bbox 711 2093 792 2174; x_wconf 89' lang='lat' dir='ltr'>capit</span> <span class='ocrx_word' id='word_1_134' title='bbox 810 2101 899 2176; x_wconf 85' lang='lat' dir='ltr'>atque</span> <span class='ocrx_word' id='word_1_135' title='bbox 917 2095 986 2158; x_wconf 91' lang='lat' dir='ltr'>hinc</span> <span class='ocrx_word' id='word_1_136' title='bbox 1001 2097 1032 2157; x_wconf 91' lang='lat' dir='ltr'>in</span> <span class='ocrx_word' id='word_1_137' title='bbox 1048 2096 1243 2160; x_wconf 85' lang='lat' dir='ltr'>substantiam</span> <span class='ocrx_word' id='word_1_138' title='bbox 1255 2097 1460 2160; x_wconf 86' lang='lat' dir='ltr'>intermediam</span> <span class='ocrx_word' id='word_1_139' title='bbox 1474 2102 1668 2179; x_wconf 78' lang='lat' dir='ltr'>propagatam,</span> <span class='ocrx_word' id='word_1_140' title='bbox 1690 2113 1794 2177; x_wconf 87' lang='lat' dir='ltr'>quam·</span> 
     </span>
     <span class='ocr_line' id='line_1_14' title="bbox 190 2215 1794 2304; baseline -0.004 -20"><span class='ocrx_word' id='word_1_141' title='bbox 190 2241 278 2304; x_wconf 93' lang='lat' dir='ltr'>quam</span> <span class='ocrx_word' id='word_1_142' title='bbox 313 2221 423 2282; x_wconf 83' lang='lat' dir='ltr'>iubeo</span> <span class='ocrx_word' id='word_1_143' title='bbox 452 2237 573 2301; x_wconf 88' lang='lat' dir='ltr'>quoquc</span> <span class='ocrx_word' id='word_1_144' title='bbox 601 2216 738 2298; x_wconf 89' lang='lat' dir='ltr'>pluribus</span> <span class='ocrx_word' id='word_1_145' title='bbox 769 2217 889 2299; x_wconf 90' lang='lat' dir='ltr'>punctis</span> <span class='ocrx_word' id='word_1_146' title='bbox 919 2219 992 2282; x_wconf 91' lang='lat' dir='ltr'>oriri</span> <span class='ocrx_word' id='word_1_147' title='bbox 1019 2227 1129 2301; x_wconf 86' lang='lat' dir='ltr'>potest.</span> <span class='ocrx_word' id='word_1_148' title='bbox 1157 2257 1199 2268; x_wconf 97' lang='lat'><em>-</em></span> <span class='ocrx_word' id='word_1_149' title='bbox 1253 2220 1492 2284; x_wconf 87' lang='lat' dir='ltr'>hiacdonald</span> <span class='ocrx_word' id='word_1_150' title='bbox 1515 2219 1565 2300; x_wconf 85' lang='grc'>(3)</span> <span class='ocrx_word' id='word_1_151' title='bbox 1595 2218 1692 2281; x_wconf 91' lang='lat' dir='ltr'>simile</span> <span class='ocrx_word' id='word_1_152' title='bbox 1721 2215 1794 2299; x_wconf 90' lang='lat' dir='ltr'>quid</span> 
     </span>
     <span class='ocr_line' id='line_1_15' title="bbox 184 2339 1792 2426; baseline -0.004 -19"><span class='ocrx_word' id='word_1_153' title='bbox 184 2343 396 2426; x_wconf 82' lang='lat' dir='ltr'>experimentis</span> <span class='ocrx_word' id='word_1_154' title='bbox 419 2343 450 2404; x_wconf 91' lang='lat' dir='ltr'>in</span> <span class='ocrx_word' id='word_1_155' title='bbox 472 2341 625 2422; x_wconf 78' lang='lat' dir='ltr'>galliculis</span> <span class='ocrx_word' id='word_1_156' title='bbox 647 2342 733 2404; x_wconf 76' lang='lat' dir='ltr'>fords</span> <span class='ocrx_word' id='word_1_157' title='bbox 756 2343 905 2422; x_wconf 86' lang='lat' dir='ltr'>reperisse</span> <span class='ocrx_word' id='word_1_158' title='bbox 928 2343 984 2406; x_wconf 89' lang='lat' dir='ltr'>sibi</span> <span class='ocrx_word' id='word_1_159' title='bbox 1006 2343 1171 2408; x_wconf 87' lang='lat' dir='ltr'>videbatur.</span> <span class='ocrx_word' id='word_1_160' title='bbox 1217 2345 1309 2408; x_wconf 84' lang='lat' dir='ltr'>Fines</span> <span class='ocrx_word' id='word_1_161' title='bbox 1338 2345 1416 2410; x_wconf 86' lang='lat' dir='ltr'>ossis</span> <span class='ocrx_word' id='word_1_162' title='bbox 1445 2343 1547 2420; x_wconf 83' lang='lat' dir='ltr'>tracti,</span> <span class='ocrx_word' id='word_1_163' title='bbox 1570 2361 1648 2425; x_wconf 89' lang='lat' dir='ltr'>quos</span> <span class='ocrx_word' id='word_1_164' title='bbox 1678 2341 1716 2401; x_wconf 84' lang='lat' dir='ltr'>de</span> <span class='ocrx_word' id='word_1_165' title='bbox 1746 2339 1792 2401; x_wconf 78' lang='lat' dir='ltr'>in-</span> 
     </span>
     <span class='ocr_line' id='line_1_16' title="bbox 184 2465 1792 2549; baseline -0.003 -19"><span class='ocrx_word' id='word_1_166' title='bbox 184 2469 299 2532; x_wconf 86' lang='lat' dir='ltr'>dustria</span> <span class='ocrx_word' id='word_1_167' title='bbox 322 2468 448 2530; x_wconf 87' lang='lat' dir='ltr'>alterum</span> <span class='ocrx_word' id='word_1_168' title='bbox 471 2467 556 2528; x_wconf 85' lang='lat' dir='ltr'>alteri</span> <span class='ocrx_word' id='word_1_169' title='bbox 579 2465 864 2548; x_wconf 87' lang='lat' dir='ltr'>superimposuerat,</span> <span class='ocrx_word' id='word_1_170' title='bbox 886 2467 1039 2549; x_wconf 87' lang='lat' dir='ltr'>pericsteo</span> <span class='ocrx_word' id='word_1_171' title='bbox 1063 2468 1190 2532; x_wconf 83' lang='lat' dir='ltr'>discisso</span> <span class='ocrx_word' id='word_1_172' title='bbox 1205 2468 1382 2546; x_wconf 89' lang='lat' dir='ltr'>denudatos,</span> <span class='ocrx_word' id='word_1_173' title='bbox 1404 2469 1527 2532; x_wconf 84' lang='lat' dir='ltr'>etcirca</span> <span class='ocrx_word' id='word_1_174' title='bbox 1546 2485 1600 2530; x_wconf 88' lang='lat' dir='ltr'>eos</span> <span class='ocrx_word' id='word_1_175' title='bbox 1617 2465 1792 2546; x_wconf 84' lang='lat' dir='ltr'>sanguinem</span> 
     </span>
     <span class='ocr_line' id='line_1_17' title="bbox 185 2585 1792 2676; baseline -0.003 -21"><span class='ocrx_word' id='word_1_176' title='bbox 185 2593 385 2673; x_wconf 86' lang='lat' dir='ltr'>coagulatum,</span> <span class='ocrx_word' id='word_1_177' title='bbox 407 2590 536 2652; x_wconf 73' lang='lat' dir='ltr'>maxime</span> <span class='ocrx_word' id='word_1_178' title='bbox 559 2609 576 2650; x_wconf 89' lang='lat' dir='ltr'>e</span> <span class='ocrx_word' id='word_1_179' title='bbox 598 2590 753 2669; x_wconf 84' lang='lat' dir='ltr'>pericstao</span> <span class='ocrx_word' id='word_1_180' title='bbox 775 2591 894 2652; x_wconf 88' lang='lat' dir='ltr'>interno</span> <span class='ocrx_word' id='word_1_181' title='bbox 918 2591 1117 2672; x_wconf 83' lang='lat' dir='ltr'>(medullari),</span> <span class='ocrx_word' id='word_1_182' title='bbox 1139 2594 1266 2656; x_wconf 80' lang='lat' dir='ltr'>effusum</span> <span class='ocrx_word' id='word_1_183' title='bbox 1289 2595 1417 2668; x_wconf 88' lang='lat' dir='ltr'>invenit;</span> <span class='ocrx_word' id='word_1_184' title='bbox 1440 2613 1501 2676; x_wconf 90' lang='lat' dir='ltr'>qua</span> <span class='ocrx_word' id='word_1_185' title='bbox 1522 2592 1706 2674; x_wconf 86' lang='lat' dir='ltr'>periosteum</span> <span class='ocrx_word' id='word_1_186' title='bbox 1729 2585 1792 2651; x_wconf 89' lang='lat' dir='ltr'>ossi</span> 
     </span>
     <span class='ocr_line' id='line_1_18' title="bbox 122 2708 1791 2799; baseline -0.003 -20"><span class='ocrx_word' id='word_1_187' title='bbox 122 2784 125 2792; x_wconf 57' lang='grc'>,</span> <span class='ocrx_word' id='word_1_188' title='bbox 184 2716 370 2792; x_wconf 82' lang='lat' dir='ltr'>inhaerebat,</span> <span class='ocrx_word' id='word_1_189' title='bbox 394 2713 492 2795; x_wconf 89' lang='lat' dir='ltr'>primo</span> <span class='ocrx_word' id='word_1_190' title='bbox 521 2712 570 2774; x_wconf 87' lang='lat' dir='ltr'>die</span> <span class='ocrx_word' id='word_1_191' title='bbox 597 2711 699 2774; x_wconf 89' lang='lat' dir='ltr'>itidem</span> <span class='ocrx_word' id='word_1_192' title='bbox 722 2713 859 2793; x_wconf 86' lang='lat' dir='ltr'>exiguam</span> <span class='ocrx_word' id='word_1_193' title='bbox 882 2715 1035 2794; x_wconf 88' lang='lat' dir='ltr'>sauguinis</span> <span class='ocrx_word' id='word_1_194' title='bbox 1058 2716 1177 2795; x_wconf 86' lang='lat' dir='ltr'>copiam</span> <span class='ocrx_word' id='word_1_195' title='bbox 1200 2717 1325 2779; x_wconf 80' lang='lat' dir='ltr'>effusam</span> <span class='ocrx_word' id='word_1_196' title='bbox 1346 2717 1433 2792; x_wconf 86' lang='lat' dir='ltr'>vidit,</span> <span class='ocrx_word' id='word_1_197' title='bbox 1458 2735 1536 2799; x_wconf 87' lang='lat' dir='ltr'>quae</span> <span class='ocrx_word' id='word_1_198' title='bbox 1564 2714 1698 2779; x_wconf 90' lang='lat' dir='ltr'>secundo</span> <span class='ocrx_word' id='word_1_199' title='bbox 1720 2708 1791 2794; x_wconf 87' lang='lat' dir='ltr'>jam</span> 
     </span>
     <span class='ocr_line' id='line_1_19' title="bbox 182 2835 1790 2920; baseline -0.004 -18"><span class='ocrx_word' id='word_1_200' title='bbox 182 2841 233 2902; x_wconf 90' lang='lat' dir='ltr'>die</span> <span class='ocrx_word' id='word_1_201' title='bbox 255 2837 354 2919; x_wconf 86' lang='lat' dir='ltr'>gelato</span> <span class='ocrx_word' id='word_1_202' title='bbox 378 2837 448 2899; x_wconf 88' lang='lat' dir='ltr'>albo</span> <span class='ocrx_word' id='word_1_203' title='bbox 477 2835 646 2912; x_wconf 87' lang='lat' dir='ltr'>subrubra,</span> <span class='ocrx_word' id='word_1_204' title='bbox 669 2838 731 2898; x_wconf 85' lang='lat' dir='ltr'>t&#39;ere</span> <span class='ocrx_word' id='word_1_205' title='bbox 753 2855 809 2917; x_wconf 87' lang='lat' dir='ltr'>per</span> <span class='ocrx_word' id='word_1_206' title='bbox 830 2843 924 2900; x_wconf 88' lang='lat' dir='ltr'>totam</span> <span class='ocrx_word' id='word_1_207' title='bbox 946 2837 1093 2920; x_wconf 90' lang='lat' dir='ltr'>reliquam</span> <span class='ocrx_word' id='word_1_208' title='bbox 1117 2838 1195 2902; x_wconf 88' lang='lat' dir='ltr'>ossis</span> <span class='ocrx_word' id='word_1_209' title='bbox 1218 2838 1326 2900; x_wconf 81' lang='lat' dir='ltr'>taciem</span> <span class='ocrx_word' id='word_1_210' title='bbox 1348 2847 1489 2916; x_wconf 86' lang='lat' dir='ltr'>extenso,</span> <span class='ocrx_word' id='word_1_211' title='bbox 1512 2838 1614 2902; x_wconf 87' lang='lat' dir='ltr'>locum</span> <span class='ocrx_word' id='word_1_212' title='bbox 1642 2841 1790 2907; x_wconf 63' lang='lat' dir='ltr'>cesseram</span> 
     </span>
     <span class='ocr_line' id='line_1_20' title="bbox 181 2959 1789 3043; baseline -0.005 -16"><span class='ocrx_word' id='word_1_213' title='bbox 181 2967 241 3027; x_wconf 92' lang='lat' dir='ltr'>hoc</span> <span class='ocrx_word' id='word_1_214' title='bbox 268 2962 398 3043; x_wconf 89' lang='lat' dir='ltr'>gelatum</span> <span class='ocrx_word' id='word_1_215' title='bbox 429 2959 548 3024; x_wconf 89' lang='lat' dir='ltr'>indies</span> <span class='ocrx_word' id='word_1_216' title='bbox 571 2959 661 3040; x_wconf 89' lang='lat' dir='ltr'>eopia</span> <span class='ocrx_word' id='word_1_217' title='bbox 683 2959 861 3039; x_wconf 86' lang='lat' dir='ltr'>augebatur,</span> <span class='ocrx_word' id='word_1_218' title='bbox 885 2968 916 3022; x_wconf 92' lang='lat' dir='ltr'>et</span> <span class='ocrx_word' id='word_1_219' title='bbox 937 2979 1058 3042; x_wconf 89' lang='lat' dir='ltr'>semper</span> <span class='ocrx_word' id='word_1_220' title='bbox 1080 2961 1259 3024; x_wconf 86' lang='lat' dir='ltr'>cohaerebat</span> <span class='ocrx_word' id='word_1_221' title='bbox 1282 2982 1351 3024; x_wconf 93' lang='lat' dir='ltr'>cum</span> <span class='ocrx_word' id='word_1_222' title='bbox 1373 2962 1518 3043; x_wconf 86' lang='lat' dir='ltr'>sanguine</span> <span class='ocrx_word' id='word_1_223' title='bbox 1547 2961 1659 3024; x_wconf 89' lang='lat' dir='ltr'>circum</span> <span class='ocrx_word' id='word_1_224' title='bbox 1689 2959 1789 3040; x_wconf 89' lang='lat' dir='ltr'>ipsum</span> 
     </span>
     <span class='ocr_line' id='line_1_21' title="bbox 182 3083 1788 3170; baseline -0.004 -20"><span class='ocrx_word' id='word_1_225' title='bbox 182 3089 284 3150; x_wconf 88' lang='lat' dir='ltr'>locum</span> <span class='ocrx_word' id='word_1_226' title='bbox 307 3087 465 3148; x_wconf 78' lang='lat' dir='ltr'>infractum</span> <span class='ocrx_word' id='word_1_227' title='bbox 487 3084 642 3161; x_wconf 84' lang='lat' dir='ltr'>exsudata,</span> <span class='ocrx_word' id='word_1_228' title='bbox 665 3083 724 3166; x_wconf 88' lang='lat' dir='ltr'>qui,</span> <span class='ocrx_word' id='word_1_229' title='bbox 748 3103 809 3166; x_wconf 95' lang='lat' dir='ltr'>quo</span> <span class='ocrx_word' id='word_1_230' title='bbox 830 3085 952 3165; x_wconf 85' lang='lat' dir='ltr'>longius</span> <span class='ocrx_word' id='word_1_231' title='bbox 975 3086 1077 3148; x_wconf 84' lang='lat' dir='ltr'>aberat</span> <span class='ocrx_word' id='word_1_232' title='bbox 1099 3105 1118 3147; x_wconf 91' lang='lat' dir='ltr'>a</span> <span class='ocrx_word' id='word_1_233' title='bbox 1139 3086 1210 3148; x_wconf 93' lang='lat' dir='ltr'>loco</span> <span class='ocrx_word' id='word_1_234' title='bbox 1233 3087 1369 3164; x_wconf 79' lang='lat' dir='ltr'>infracto,</span> <span class='ocrx_word' id='word_1_235' title='bbox 1392 3092 1422 3149; x_wconf 87' lang='lat' dir='ltr'>et</span> <span class='ocrx_word' id='word_1_236' title='bbox 1444 3105 1505 3170; x_wconf 89' lang='lat' dir='ltr'>quo</span> <span class='ocrx_word' id='word_1_237' title='bbox 1529 3085 1640 3148; x_wconf 89' lang='lat' dir='ltr'>diutius</span> <span class='ocrx_word' id='word_1_238' title='bbox 1660 3083 1788 3145; x_wconf 87' lang='lat' dir='ltr'>durave-</span> 
     </span>
     <span class='ocr_line' id='line_1_22' title="bbox 182 3207 1788 3292; baseline -0.003 -18"><span class='ocrx_word' id='word_1_239' title='bbox 182 3219 229 3274; x_wconf 87' lang='lat' dir='ltr'>rat</span> <span class='ocrx_word' id='word_1_240' title='bbox 250 3213 389 3286; x_wconf 82' lang='lat' dir='ltr'>tractura,</span> <span class='ocrx_word' id='word_1_241' title='bbox 412 3230 451 3272; x_wconf 90' lang='lat' dir='ltr'>eo</span> <span class='ocrx_word' id='word_1_242' title='bbox 473 3207 617 3290; x_wconf 84' lang='lat' dir='ltr'>pallidior</span> <span class='ocrx_word' id='word_1_243' title='bbox 639 3207 810 3289; x_wconf 84' lang='lat' dir='ltr'>apparebat.</span> <span class='ocrx_word' id='word_1_244' title='bbox 857 3209 915 3271; x_wconf 90' lang='lat' dir='ltr'>Die</span> <span class='ocrx_word' id='word_1_245' title='bbox 937 3209 1042 3292; x_wconf 89' lang='lat' dir='ltr'>quinto</span> <span class='ocrx_word' id='word_1_246' title='bbox 1064 3209 1247 3290; x_wconf 87' lang='lat' dir='ltr'>paricsteum</span> <span class='ocrx_word' id='word_1_247' title='bbox 1262 3229 1384 3290; x_wconf 87' lang='lat' dir='ltr'>novum,</span> <span class='ocrx_word' id='word_1_248' title='bbox 1407 3229 1476 3274; x_wconf 87' lang='lat' dir='ltr'>cum</span> <span class='ocrx_word' id='word_1_249' title='bbox 1497 3217 1599 3274; x_wconf 82' lang='lat' dir='ltr'>vetere</span> <span class='ocrx_word' id='word_1_250' title='bbox 1615 3209 1788 3282; x_wconf 87' lang='lat' dir='ltr'>cohaerens,</span> 
     </span>
     <span class='ocr_line' id='line_1_23' title="bbox 182 3331 1789 3423; baseline -0.002 -25"><span class='ocrx_word' id='word_1_251' title='bbox 182 3341 270 3418; x_wconf 86' lang='lat' dir='ltr'>atque</span> <span class='ocrx_word' id='word_1_252' title='bbox 293 3335 470 3415; x_wconf 88' lang='lat' dir='ltr'>sauguinem</span> <span class='ocrx_word' id='word_1_253' title='bbox 493 3334 621 3396; x_wconf 81' lang='lat' dir='ltr'>effusum</span> <span class='ocrx_word' id='word_1_254' title='bbox 642 3331 832 3394; x_wconf 87' lang='lat' dir='ltr'>circumdans</span> <span class='ocrx_word' id='word_1_255' title='bbox 856 3339 994 3396; x_wconf 88' lang='lat' dir='ltr'>exortum</span> <span class='ocrx_word' id='word_1_256' title='bbox 1016 3340 1088 3423; x_wconf 76' lang='lat' dir='ltr'>erat,</span> <span class='ocrx_word' id='word_1_257' title='bbox 1112 3341 1201 3417; x_wconf 87' lang='lat' dir='ltr'>atque</span> <span class='ocrx_word' id='word_1_258' title='bbox 1223 3335 1280 3399; x_wconf 90' lang='lat' dir='ltr'>sub</span> <span class='ocrx_word' id='word_1_259' title='bbox 1303 3353 1342 3398; x_wconf 90' lang='lat' dir='ltr'>eo</span> <span class='ocrx_word' id='word_1_260' title='bbox 1363 3355 1447 3398; x_wconf 88' lang='lat' dir='ltr'>nunc</span> <span class='ocrx_word' id='word_1_261' title='bbox 1466 3334 1570 3398; x_wconf 90' lang='lat' dir='ltr'>itidem</span> <span class='ocrx_word' id='word_1_262' title='bbox 1592 3339 1717 3396; x_wconf 86' lang='lat' dir='ltr'>stratam</span> <span class='ocrx_word' id='word_1_263' title='bbox 1735 3347 1789 3411; x_wconf 87' lang='lat' dir='ltr'>ge·</span> 
     </span>
     <span class='ocr_line' id='line_1_24' title="bbox 181 3453 1791 3541; baseline -0.002 -19"><span class='ocrx_word' id='word_1_264' title='bbox 181 3460 235 3522; x_wconf 86' lang='lat' dir='ltr'>lati</span> <span class='ocrx_word' id='word_1_265' title='bbox 258 3459 349 3522; x_wconf 87' lang='lat' dir='ltr'>albidi</span> <span class='ocrx_word' id='word_1_266' title='bbox 373 3458 547 3540; x_wconf 88' lang='lat' dir='ltr'>apparebat.</span> <span class='ocrx_word' id='word_1_267' title='bbox 594 3456 834 3520; x_wconf 88' lang='lat' dir='ltr'>Ossilicationem</span> <span class='ocrx_word' id='word_1_268' title='bbox 856 3457 985 3538; x_wconf 90' lang='lat' dir='ltr'>primum</span> <span class='ocrx_word' id='word_1_269' title='bbox 1008 3457 1073 3520; x_wconf 84' lang='lat' dir='ltr'>heri</span> <span class='ocrx_word' id='word_1_270' title='bbox 1087 3459 1163 3520; x_wconf 86' lang='lat' dir='ltr'>vidit</span> <span class='ocrx_word' id='word_1_271' title='bbox 1177 3458 1208 3522; x_wconf 92' lang='lat' dir='ltr'>in</span> <span class='ocrx_word' id='word_1_272' title='bbox 1223 3463 1308 3541; x_wconf 90' lang='lat' dir='ltr'>parte</span> <span class='ocrx_word' id='word_1_273' title='bbox 1324 3459 1427 3524; x_wconf 79' lang='lat' dir='ltr'>eloco</span> <span class='ocrx_word' id='word_1_274' title='bbox 1443 3461 1592 3523; x_wconf 81' lang='lat' dir='ltr'>tracturae</span> <span class='ocrx_word' id='word_1_275' title='bbox 1612 3453 1791 3537; x_wconf 79' lang='lat' dir='ltr'>longissime</span> 
     </span>
     <span class='ocr_line' id='line_1_25' title="bbox 180 3557 1787 3664; baseline -0.004 -18"><span class='ocrx_word' id='word_1_276' title='bbox 180 3591 313 3659; x_wconf 84' lang='lat' dir='ltr'>remota,</span> <span class='ocrx_word' id='word_1_277' title='bbox 335 3583 367 3644; x_wconf 89' lang='lat' dir='ltr'>in</span> <span class='ocrx_word' id='word_1_278' title='bbox 390 3601 450 3664; x_wconf 89' lang='lat' dir='ltr'>qua</span> <span class='ocrx_word' id='word_1_279' title='bbox 471 3581 560 3644; x_wconf 79' lang='lat' dir='ltr'>tortio</span> <span class='ocrx_word' id='word_1_280' title='bbox 578 3582 645 3662; x_wconf 86' lang='lat' dir='ltr'>jam</span> <span class='ocrx_word' id='word_1_281' title='bbox 668 3580 716 3642; x_wconf 88' lang='lat' dir='ltr'>dic</span> <span class='ocrx_word' id='word_1_282' title='bbox 739 3599 798 3662; x_wconf 91' lang='lat' dir='ltr'>ope</span> <span class='ocrx_word' id='word_1_283' title='bbox 821 3557 1013 3662; x_wconf 80' lang='lat' dir='ltr'>microscopii</span> <span class='ocrx_word' id='word_1_284' title='bbox 1036 3583 1145 3663; x_wconf 85' lang='lat' dir='ltr'>exigua</span> <span class='ocrx_word' id='word_1_285' title='bbox 1167 3591 1278 3664; x_wconf 83' lang='lat' dir='ltr'>puncta</span> <span class='ocrx_word' id='word_1_286' title='bbox 1301 3603 1391 3648; x_wconf 89' lang='lat' dir='ltr'>ossea</span> <span class='ocrx_word' id='word_1_287' title='bbox 1417 3584 1531 3646; x_wconf 87' lang='lat' dir='ltr'>coloris</span> <span class='ocrx_word' id='word_1_288' title='bbox 1553 3579 1711 3646; x_wconf 90' lang='lat' dir='ltr'>rubicundi</span> <span class='ocrx_word' id='word_1_289' title='bbox 1735 3577 1787 3640; x_wconf 89' lang='lat' dir='ltr'>dc-</span> 
     </span>
     <span class='ocr_line' id='line_1_26' title="bbox 180 3685 1788 3790; baseline -0.005 -20"><span class='ocrx_word' id='word_1_290' title='bbox 180 3706 367 3790; x_wconf 86' lang='lat' dir='ltr'>prehendere</span> <span class='ocrx_word' id='word_1_291' title='bbox 389 3705 447 3770; x_wconf 90' lang='lat' dir='ltr'>sibi</span> <span class='ocrx_word' id='word_1_292' title='bbox 469 3704 642 3778; x_wconf 83' lang='lat' dir='ltr'>videbatur;</span> <span class='ocrx_word' id='word_1_293' title='bbox 664 3704 735 3766; x_wconf 87' lang='lat' dir='ltr'>inde</span> <span class='ocrx_word' id='word_1_294' title='bbox 757 3723 814 3785; x_wconf 88' lang='lat' dir='ltr'>per</span> <span class='ocrx_word' id='word_1_295' title='bbox 833 3711 946 3785; x_wconf 89' lang='lat' dir='ltr'>puncta</span> <span class='ocrx_word' id='word_1_296' title='bbox 967 3706 1079 3768; x_wconf 88' lang='lat' dir='ltr'>circum</span> <span class='ocrx_word' id='word_1_297' title='bbox 1102 3712 1198 3768; x_wconf 88' lang='lat' dir='ltr'>totum</span> <span class='ocrx_word' id='word_1_298' title='bbox 1220 3685 1492 3770; x_wconf 84' lang='lat' dir='ltr'>locumiufractum</span> <span class='ocrx_word' id='word_1_299' title='bbox 1515 3704 1733 3786; x_wconf 81' lang='lat' dir='ltr'>porrigebatur,</span> <span class='ocrx_word' id='word_1_300' title='bbox 1756 3706 1788 3763; x_wconf 82' lang='lat' dir='ltr'>et</span> 
     </span>
     <span class='ocr_line' id='line_1_27' title="bbox 178 3815 1786 3914; baseline -0.005 -20"><span class='ocrx_word' id='word_1_301' title='bbox 178 3831 300 3914; x_wconf 89' lang='lat' dir='ltr'>quidem</span> <span class='ocrx_word' id='word_1_302' title='bbox 322 3851 340 3892; x_wconf 85' lang='lat' dir='ltr'>a</span> <span class='ocrx_word' id='word_1_303' title='bbox 361 3829 521 3911; x_wconf 86' lang='lat' dir='ltr'>superficie</span> <span class='ocrx_word' id='word_1_304' title='bbox 543 3827 682 3909; x_wconf 86' lang='lat' dir='ltr'>proxime</span> <span class='ocrx_word' id='word_1_305' title='bbox 707 3826 764 3901; x_wconf 76' lang='lat' dir='ltr'>sub</span> <span class='ocrx_word' id='word_1_306' title='bbox 787 3815 940 3909; x_wconf 89' lang='lat' dir='ltr'>periosteo</span> <span class='ocrx_word' id='word_1_307' title='bbox 963 3827 1020 3890; x_wconf 90' lang='lat' dir='ltr'>sita</span> <span class='ocrx_word' id='word_1_308' title='bbox 1048 3846 1154 3890; x_wconf 79' lang='lat' dir='ltr'>versus</span> <span class='ocrx_word' id='word_1_309' title='bbox 1185 3836 1333 3900; x_wconf 68' lang='lat' dir='ltr'>centrum</span> <span class='ocrx_word' id='word_1_310' title='bbox 1356 3828 1578 3910; x_wconf 83' lang='lat' dir='ltr'>cartilagineam</span> <span class='ocrx_word' id='word_1_311' title='bbox 1606 3846 1670 3890; x_wconf 89' lang='lat' dir='ltr'>nou</span> <span class='ocrx_word' id='word_1_312' title='bbox 1697 3841 1786 3908; x_wconf 86' lang='lat' dir='ltr'>prac-</span> 
     </span>
     <span class='ocr_line' id='line_1_28' title="bbox 180 3921 1865 4034; baseline -0.006 -14"><span class='ocrx_word' id='word_1_313' title='bbox 180 3955 307 4020; x_wconf 86' lang='lat' dir='ltr'>cessisse</span> <span class='ocrx_word' id='word_1_314' title='bbox 328 3952 601 4034; x_wconf 69' lang='lat' dir='ltr'>metamorphosim</span> <span class='ocrx_word' id='word_1_315' title='bbox 624 3951 707 4032; x_wconf 91' lang='lat' dir='ltr'>quod</span> <span class='ocrx_word' id='word_1_316' title='bbox 738 3950 817 4014; x_wconf 89' lang='lat' dir='ltr'>enim</span> <span class='ocrx_word' id='word_1_317' title='bbox 845 3949 937 4031; x_wconf 90' lang='lat' dir='ltr'>vulgo</span> <span class='ocrx_word' id='word_1_318' title='bbox 966 3951 1169 4032; x_wconf 86' lang='lat' dir='ltr'>cartilaginem</span> <span class='ocrx_word' id='word_1_319' title='bbox 1198 3971 1271 4015; x_wconf 88' lang='lat' dir='ltr'>esse</span> <span class='ocrx_word' id='word_1_320' title='bbox 1293 3951 1446 4031; x_wconf 87' lang='lat' dir='ltr'>credatur,</span> <span class='ocrx_word' id='word_1_321' title='bbox 1468 3953 1568 4034; x_wconf 88' lang='lat' dir='ltr'>ipsum</span> <span class='ocrx_word' id='word_1_322' title='bbox 1593 3947 1659 4034; x_wconf 86' lang='lat' dir='ltr'>jam</span> <span class='ocrx_word' id='word_1_323' title='bbox 1688 3967 1725 4012; x_wconf 85' lang='lat' dir='ltr'>cs</span> <span class='ocrx_word' id='word_1_324' title='bbox 1753 3949 1786 4010; x_wconf 88' lang='lat' dir='ltr'>iu</span> <span class='ocrx_word' id='word_1_325' title='bbox 1862 3921 1865 3926; x_wconf 34' lang='lat'><em>¹</em></span> 
     </span>
     <span class='ocr_line' id='line_1_29' title="bbox 180 4071 1785 4156; baseline -0.005 -14"><span class='ocrx_word' id='word_1_326' title='bbox 180 4087 258 4142; x_wconf 90' lang='lat' dir='ltr'>statu</span> <span class='ocrx_word' id='word_1_327' title='bbox 287 4077 374 4141; x_wconf 88' lang='lat' dir='ltr'>molli</span> <span class='ocrx_word' id='word_1_328' title='bbox 403 4097 479 4142; x_wconf 89' lang='lat' dir='ltr'>esse.</span> <span class='ocrx_word' id='word_1_329' title='bbox 531 4076 586 4139; x_wconf 87' lang='lat' dir='ltr'>His</span> <span class='ocrx_word' id='word_1_330' title='bbox 616 4075 707 4156; x_wconf 90' lang='lat' dir='ltr'>igitur</span> <span class='ocrx_word' id='word_1_331' title='bbox 735 4094 774 4138; x_wconf 91' lang='lat' dir='ltr'>ex</span> <span class='ocrx_word' id='word_1_332' title='bbox 804 4074 1066 4139; x_wconf 73' lang='lat' dir='ltr'>obseruationibus</span> <span class='ocrx_word' id='word_1_333' title='bbox 1095 4076 1331 4140; x_wconf 87' lang='lat' dir='ltr'>ratiocinabatur</span> <span class='ocrx_word' id='word_1_334' title='bbox 1357 4075 1608 4152; x_wconf 85' lang='lat' dir='ltr'>Macdonald,</span> <span class='ocrx_word' id='word_1_335' title='bbox 1636 4071 1785 4138; x_wconf 77' lang='lat' dir='ltr'>formandi</span> 
     </span>
     <span class='ocr_line' id='line_1_30' title="bbox 179 4196 1786 4286; baseline -0.004 -21"><span class='ocrx_word' id='word_1_336' title='bbox 179 4203 249 4265; x_wconf 87' lang='lat' dir='ltr'>calli</span> <span class='ocrx_word' id='word_1_337' title='bbox 270 4202 424 4265; x_wconf 88' lang='lat' dir='ltr'>materiem</span> <span class='ocrx_word' id='word_1_338' title='bbox 446 4201 477 4263; x_wconf 94' lang='lat' dir='ltr'>in</span> <span class='ocrx_word' id='word_1_339' title='bbox 509 4196 662 4282; x_wconf 85' lang='lat' dir='ltr'>sanguiue,</span> <span class='ocrx_word' id='word_1_340' title='bbox 685 4199 828 4281; x_wconf 89' lang='lat' dir='ltr'>princeps</span> <span class='ocrx_word' id='word_1_341' title='bbox 853 4219 989 4280; x_wconf 91' lang='lat' dir='ltr'>organon</span> <span class='ocrx_word' id='word_1_342' title='bbox 1012 4199 1220 4286; x_wconf 89' lang='lat' dir='ltr'>inperiosteo</span> <span class='ocrx_word' id='word_1_343' title='bbox 1244 4221 1325 4279; x_wconf 88' lang='lat' dir='ltr'>esse,</span> <span class='ocrx_word' id='word_1_344' title='bbox 1347 4208 1382 4265; x_wconf 89' lang='lat' dir='ltr'>ut</span> <span class='ocrx_word' id='word_1_345' title='bbox 1403 4201 1459 4266; x_wconf 90' lang='lat' dir='ltr'>sub</span> <span class='ocrx_word' id='word_1_346' title='bbox 1482 4219 1543 4284; x_wconf 90' lang='lat' dir='ltr'>qno</span> <span class='ocrx_word' id='word_1_347' title='bbox 1565 4198 1694 4281; x_wconf 89' lang='lat' dir='ltr'>primum</span> <span class='ocrx_word' id='word_1_348' title='bbox 1716 4214 1786 4260; x_wconf 84' lang='lat' dir='ltr'>san·</span> 
     </span>
     <span class='ocr_line' id='line_1_31' title="bbox 177 4321 1783 4408; baseline -0.004 -18"><span class='ocrx_word' id='word_1_349' title='bbox 177 4327 244 4408; x_wconf 89' lang='lat' dir='ltr'>guis</span> <span class='ocrx_word' id='word_1_350' title='bbox 274 4335 433 4389; x_wconf 86' lang='lat' dir='ltr'>concretus</span> <span class='ocrx_word' id='word_1_351' title='bbox 462 4325 566 4388; x_wconf 90' lang='lat' dir='ltr'>colore</span> <span class='ocrx_word' id='word_1_352' title='bbox 597 4345 654 4388; x_wconf 91' lang='lat' dir='ltr'>suo</span> <span class='ocrx_word' id='word_1_353' title='bbox 685 4323 778 4386; x_wconf 89' lang='lat' dir='ltr'>rubro</span> <span class='ocrx_word' id='word_1_354' title='bbox 813 4330 940 4385; x_wconf 75' lang='lat' dir='ltr'>exuatur</span> <span class='ocrx_word' id='word_1_355' title='bbox 967 4332 1055 4406; x_wconf 90' lang='lat' dir='ltr'>atque</span> <span class='ocrx_word' id='word_1_356' title='bbox 1084 4326 1115 4386; x_wconf 90' lang='lat' dir='ltr'>in</span> <span class='ocrx_word' id='word_1_357' title='bbox 1139 4326 1371 4388; x_wconf 87' lang='lat' dir='ltr'>ossihcntioucm</span> <span class='ocrx_word' id='word_1_358' title='bbox 1401 4325 1503 4400; x_wconf 86' lang='lat' dir='ltr'>abeat;</span> <span class='ocrx_word' id='word_1_359' title='bbox 1531 4343 1605 4387; x_wconf 80' lang='lat' dir='ltr'>rasa</span> <span class='ocrx_word' id='word_1_360' title='bbox 1633 4321 1783 4386; x_wconf 86' lang='lat' dir='ltr'>medullae</span> 
     </span>
     <span class='ocr_line' id='line_1_32' title="bbox 178 4445 1305 4532; baseline -0.001 -20"><span class='ocrx_word' id='word_1_361' title='bbox 178 4452 331 4532; x_wconf 88' lang='lat' dir='ltr'>ipsiusque</span> <span class='ocrx_word' id='word_1_362' title='bbox 355 4449 433 4512; x_wconf 90' lang='lat' dir='ltr'>ossis</span> <span class='ocrx_word' id='word_1_363' title='bbox 455 4449 507 4510; x_wconf 85' lang='lat' dir='ltr'>vix</span> <span class='ocrx_word' id='word_1_364' title='bbox 529 4448 691 4531; x_wconf 88' lang='lat' dir='ltr'>quidquam</span> <span class='ocrx_word' id='word_1_365' title='bbox 715 4449 855 4512; x_wconf 78' lang='lat' dir='ltr'>conferre</span> <span class='ocrx_word' id='word_1_366' title='bbox 869 4445 911 4508; x_wconf 91' lang='lat' dir='ltr'>ad</span> <span class='ocrx_word' id='word_1_367' title='bbox 930 4447 1040 4510; x_wconf 87' lang='lat' dir='ltr'>callum</span> <span class='ocrx_word' id='word_1_368' title='bbox 1063 4449 1305 4530; x_wconf 86' lang='lat' dir='ltr'>contingendum.</span> 
     </span>
    </p>
   </div>
   <div class='ocr_carea' id='block_1_5' title="bbox 338 4779 1360 5031">
    <p class='ocr_par' dir='ltr' id='par_1_6' title="bbox 338 4779 1360 5031">
     <span class='ocr_line' id='line_1_33' title="bbox 339 4779 951 4852; baseline 0.007 -18"><span class='ocrx_word' id='word_1_369' title='bbox 339 4779 381 4852; x_wconf 87' lang='lat' dir='ltr'>(l)</span> <span class='ocrx_word' id='word_1_370' title='bbox 402 4801 451 4834; x_wconf 84' lang='lat' dir='ltr'>ran</span> <span class='ocrx_word' id='word_1_371' title='bbox 469 4785 671 4848; x_wconf 77' lang='lat' dir='ltr'>Heekereu,</span> <span class='ocrx_word' id='word_1_372' title='bbox 689 4785 710 4840; x_wconf 86' lang='lat' dir='ltr'>l.</span> <span class='ocrx_word' id='word_1_373' title='bbox 729 4803 753 4844; x_wconf 88' lang='lat' dir='ltr'>c,</span> <span class='ocrx_word' id='word_1_374' title='bbox 770 4804 796 4852; x_wconf 88' lang='lat' dir='ltr'>p.</span> <span class='ocrx_word' id='word_1_375' title='bbox 816 4785 951 4846; x_wconf 63' lang='lat'><strong>20-503</strong></span> 
     </span>
     <span class='ocr_line' id='line_1_34' title="bbox 338 4869 1023 4941; baseline 0.009 -18"><span class='ocrx_word' id='word_1_376' title='bbox 338 4869 381 4941; x_wconf 77' lang='lat'>(¹2)</span> <span class='ocrx_word' id='word_1_377' title='bbox 401 4873 552 4936; x_wconf 81' lang='lat' dir='ltr'>liunter,</span> <span class='ocrx_word' id='word_1_378' title='bbox 571 4874 642 4926; x_wconf 83' lang='lat' dir='ltr'>ccci.</span> <span class='ocrx_word' id='word_1_379' title='bbox 661 4873 825 4939; x_wconf 81' lang='lat' dir='ltr'>Howrhlp</span> <span class='ocrx_word' id='word_1_380' title='bbox 851 4878 871 4929; x_wconf 88' lang='lat' dir='ltr'>l.</span> <span class='ocrx_word' id='word_1_381' title='bbox 890 4893 914 4932; x_wconf 83' lang='lat' dir='ltr'>r.</span> <span class='ocrx_word' id='word_1_382' title='bbox 933 4892 958 4940; x_wconf 82' lang='lat' dir='ltr'>p.</span> <span class='ocrx_word' id='word_1_383' title='bbox 977 4877 1023 4930; x_wconf 76' lang='lat'>98.</span> 
     </span>
     <span class='ocr_line' id='line_1_35' title="bbox 339 4962 1360 5031; baseline 0.005 -17"><span class='ocrx_word' id='word_1_384' title='bbox 339 4962 380 5031; x_wconf 76' lang='lat'>(³)</span> <span class='ocrx_word' id='word_1_385' title='bbox 398 4962 625 5025; x_wconf 80' lang='lat' dir='ltr'>ltlacdouald,</span> <span class='ocrx_word' id='word_1_386' title='bbox 644 4963 677 5013; x_wconf 82' lang='lat' dir='ltr'>de</span> <span class='ocrx_word' id='word_1_387' title='bbox 696 4966 797 5014; x_wconf 80' lang='lat' dir='ltr'>nearest</span> <span class='ocrx_word' id='word_1_388' title='bbox 816 4979 846 5014; x_wconf 83' lang='lat' dir='ltr'>ac</span> <span class='ocrx_word' id='word_1_389' title='bbox 865 4966 946 5020; x_wconf 80' lang='lat' dir='ltr'>callo.</span> <span class='ocrx_word' id='word_1_390' title='bbox 965 4965 1064 5020; x_wconf 72' lang='lat' dir='ltr'>teman.</span> <span class='ocrx_word' id='word_1_391' title='bbox 1084 4963 1163 5024; x_wconf 65' lang='lat'><strong>179⁹.</strong></span> <span class='ocrx_word' id='word_1_392' title='bbox 1181 4984 1207 5031; x_wconf 85' lang='lat' dir='ltr'>p.</span> <span class='ocrx_word' id='word_1_393' title='bbox 1228 4963 1262 5018; x_wconf 74' lang='lat'>&#39;18</span> <span class='ocrx_word' id='word_1_394' title='bbox 1275 4991 1303 5002; x_wconf 90' lang='lat'><em>—</em></span> <span class='ocrx_word' id='word_1_395' title='bbox 1316 4967 1360 5024; x_wconf 74' lang='grc'>90.</span> 
     </span>
    </p>
   </div>
   <div class='ocr_carea' id='block_1_6' title="bbox 0 0 2396 5894">
    <p class='ocr_par' dir='ltr' id='par_1_7' title="bbox 0 0 2396 5894">
     <span class='ocr_line' id='line_1_36' title="bbox 0 0 2396 5894; baseline 0 4"><span class='ocrx_word' id='word_1_396' title='bbox 0 0 2396 5894; x_wconf 95' lang='lat' dir='ltr'> </span> 
     </span>
    </p>
   </div>
  </div>
 </body>
</html>
