4768 5894
1357 525 1438 638 ara

608 733 658 795 Ne
678 733 737 796 boo
757 733 877 816 quidem
900 731 979 797 enim
1001 739 1083 796 certo
1112 733 1243 812 toneat,
1273 753 1312 796 ou
1325 734 1446 798 'cavitm
1467 733 1499 796 in
1521 734 1708 818 corpusmtts
1731 733 1791 800 illis
1812 739 1986 816 parmaneat
2006 739 2037 798 et
2052 735 2123 800 soli
2145 755 2211 817 p*-

608 856 698 920 rietcs
721 860 856 923 materiis
878 859 981 922 terreis
1000 858 1107 920 imbuti
1126 858 1195 921 sint
1238 858 1332 922 Plura
1352 858 1473 940 quidem
1494 857 1629 939 pericula
1649 859 1688 922 de
1711 860 1768 922 bac
1790 859 1965 942 quaestione
1987 859 2123 946 manui,
2149 859 2211 924 sed

609 989 816 1046 eventusncn
828 989 1056 1046 ‘tameucertus
1078 981 1141 1058 tuit,
1163 982 1337 1063 utlaiugula
1356 983 1461 1044 reierri
1480 983 1608 1064 possint
1631 1017 1633 1025 ·
1653 983 1701 1048 nx
1721 983 1823 1046 babitu
1844 983 2052 1064 ossium-post
2069 983 2209 1049 combu-

608 1105 734 1170 stionem
756 1127 817 1169 non
839 1114 919 1169 certe
941 1105 1080 1169 concludi
1102 1113 1208 1186 potest,
1228 1106 1372 1189 quoniam
1393 1125 1465 1170 ossa
1486 1107 1677 1170 vehementer
1699 1082 2078 1176 connmtoncmutanur.
2118 1106 2207 1170 Sub-

608 1231 759 1297 tilissimas
775 1231 902 1292 laminae
925 1230 1038 1293 ossium
1048 1231 1253 1292 combustione
1273 1249 1338 1293 non
1357 1230 1479 1312 quidem
1497 1231 1541 1292 ita
1562 1230 1726 1300 dissolutae
1744 1237 1824 1308 sunt,
1845 1237 1880 1296 ut
1902 1231 2102 1312 aricroscopio
2128 1249 2203 1294 uon

609 1357 737 1438 amplius
766 1354 875 1438 inquiri
898 1355 1021 1436 possint
1074 1354 1190 1418 Plurics
1219 1354 1250 1416 in
1278 1353 1413 1422 irrmtnlis
1444 1354 1552 1418 talibus
1580 1355 1783 1436 microsccpio
1805 1355 1883 1422 'loca
1904 1352 2062 1419 observavi
2080 1361 2114 1418 et
2140 1353 2208 1418 situ

609 1489 639 1545 et
660 1479 861 1562 magnitudine
882 1479 1070 1559 corpusculis
1092 1479 1154 1540 iere
1177 1477 1391 1554 convenientia,
1413 1497 1509 1560 eaque
1530 1498 1605 1542 varo
1627 1498 1708 1546 nuuc
1728 1478 1828 1542 miuus
1850 1477 1957 1554 albida,
1979 1478 2021 1540 ita
2041 1483 2075 1546 ut
2095 1477 2206 1559 maspi-

611 1607 659 1670 cio
689 1605 760 1667 mibi
789 1603 927 1680 veniret‚·
951 1602 1138 1684 corpusculis
1160 1622 1231 1664 vere
1254 1602 1409 1664 cavitatem
1440 1601 1571 1685 aliquam
1600 1601 1708 1666 inesse.
1756 1602 1818 1668 Sed
1845 1602 1908 1670 bis·
1923 1600 2089 1669 observatis
2110 1607 2203 1664 certo

609 1729 694 1793 inuiti
723 1748 786 1792 non
816 1727 930 1803 audeo,
957 1727 1027 1808 quia
1056 1726 1143 1788 nimis
1173 1727 1375 1789 vehementem
1403 1727 1596 1790 mutationem
1624 1726 1791 1790 combustio
1814 1725 1934 1794 ossibus
1956 1725 2053 1796 adieri
2073 1732 2101 1788 et
2120 1725 2202 1807 quer

608 1853 815 1918 combustione
844 1850 970 1933 parvula
998 1850 1112 1912 crificia
1140 1870 1221 1915 nova
1254 1849 1327 1912 oriri
1360 1851 1482 1928 debent,
1525 1849 1634 1934 quibus
1662 1869 1735 1930 gesa
1761 1850 1974 1919 combustione
2008 1855 2076 1914 orta
2106 1847 2196 1910 evol-

607 1983 728 2052 vuntur.
778 1977 846 2038 Hoc
877 1981 974 2036 autom
996 1981 1084 2036 aratea
1102 1977 1165 2052 jam
1188 1974 1291 2050 rabili,
1321 1974 1446 2038 laminas
1469 1975 1546 2042 ossis
1567 1974 1676 2056 integri
1697 1974 1807 2057 politas
1829 1979 2027 2044 scemenum
2044 1993 2104 2054 per
2123 1989 2197 2036 cor·

608 2102 735 2186 puscula
757 2108 786 2162 et
806 2099 927 2162 canales
948 2118 1010 2159 uon
1033 2116 1210 2179 propagare.

765 2221 875 2286 Tubuli
897 2221 1034 2303 paralleli
1056 2223 1087 2282 in
1112 2222 1247 2284 dentibus
1270 2243 1288 2282 a
1310 2222 1630 2300 Leeuweuboeela
1649 2223 1853 2303 *Porticje
1876 2222 2059 2299 liniatus*
2076 2220 2117 2284 V.
2141 2220 2199 2296 tlt,

609 2351 757 2430 descripta
784 2365 855 2410 vere
878 2347 1033 2408 cavitatem
1061 2346 1228 2419 continent,
1257 2346 1287 2405 iu
1319 2346 1425 2427 quibus
1455 2345 1592 2426 deposita
1616 2347 1793 2426 morganica
1814 2346 1925 2428 passim
1952 2347 2079 2416 insunt.
2104 2345 2200 2406 Prur-

608 2475 669 2537 kin
674 2475 714 2554 jc
742 2470 926 2544 observavit,
955 2468 1076 2530 tubulos
1107 2469 1202 2530 dentis
1230 2467 1330 2550 equini
1358 2475 1555 2534 atramentum
1572 2470 1738 2550 suscipere,
1760 2471 1791 2532 id
1813 2471 1896 2554 quod
1917 2471 1981 2551 ipsc
2004 2468 2197 2538 confirmavi.

609 2599 662 2660 Sin
680 2596 772 2658 etiam
793 2612 855 2656 non
877 2612 982 2655 omnes
1005 2590 1099 2654 tubali
1122 2590 1225 2652 colore
1248 2590 1424 2667 imbuantur,
1443 2593 1477 2653 iu
1500 2592 1600 2658 multis
1622 2600 1727 2658 nmen·
1743 2593 1831 2658 color
1852 2601 1971 2676 apertus
1994 2600 2048 2658 est.

762 2720 905 2781 Ceterum
914 2714 1012 2777 tubuli
1020 2715 1088 2776 bice
1101 2714 1191 2776 albidi
1201 2721 1271 2805 suut
1282 2723 1334 2778 aut
1342 2723 1469 2796 propter
1480 2722 1592 2780 terreas
1604 2718 1742 2786 materias
1750 2717 1786 2782 *in
1794 2719 1862 2800 ipsa
1873 2718 2036 2786 substantia
2046 2717 2197 2799 parietum

608 2845 700 2908 auen
718 2842 829 2905 rumine
842 2840 988 2902 enarrem
1001 2845 1165 2901 onmes.
1208 2839 1243 2900 n
1264 2838 1381 2901 laminis
1389 2839 1526 2903 ,ameum
1537 2841 1683 2906 summm
1698 2809 1890 2924 pontense
1912 2842 2059 2910 nedem
2081 2843 2196 2924 opum

607 2970 792 3052 observabis,
821 2965 954 3028 colorem
977 2962 1262 3025 dentium‘albidurn
1283 2963 1471 3044 potissimum
1492 2962 1530 3025 ab
1552 2965 1634 3030 bisce
1656 2965 1738 3032 libris
1760 2965 1907 3032 tubulesis
1929 2966 2115 3046 tepentem
2139 2967 2193 3030 ad·

607 3094 670 3155 dito
698 3091 801 3166 acido,
830 3089 917 3151 albus
945 3087 1032 3150 color
1060 3085 1202 3148 librarum
1226 3087 1379 3150 evanescit
1406 3093 1436 3150 ct
1457 3073 1601 3168 cartilage
1624 3107 1780 3158 resumens
1802 3089 1923 3154 tubulos
1946 3089 2065 3174 quidem
2087 3089 2192 3166 obieri,

607 3214 661 3279 sed
682 3215 713 3275 bi
734 3212 823 3275 etiam
844 3219 915 3292 post
943 3211 1170 3274 exsiccationem
1192 3231 1255 3274 uon
1277 3211 1406 3292 amplius
1430 3211 1521 3274 albidi
1543 3219 1697 3292 apparent.
1741 3214 1776 3276 ln
1798 3213 1923 3278 cariosis
1946 3214 2084 3278 dentibus
2098 3213 2194 3278 color

611 3337 728 3401 albidus
740 3335 879 3396 fibrarum
892 3335 1066 3416 plerumque
1078 3333 1132 3396 sub
1145 3334 1224 3396 carie
1237 3336 1379 3416 disparet;
1392 3336 1581 3398 occasionem
1591 3337 1681 3415 hujus
1689 3335 1909 3400 ,observationis
1921 3338 2027 3402 obnuit
2038 3339 2195 3421 experien-

504 3481 513 3504 ·
610 3463 652 3526 tia
674 3457 801 3524 studiosi
816 3457 979 3538 chirurgiae
1002 3458 1198 3533 Lindercr,
1217 3459 1272 3539 qui
1294 3479 1361 3520 cum
1373 3458 1734 3524 diutiusiuobserraudis
1749 3460 1881 3526 dentium
1893 3461 2004 3526 morbis
2015 3469 2194 3540 venareum,

607 3585 755 3669 permulta
784 3583 822 3644 de
850 3581 931 3644 bisce
962 3582 1078 3662 egregie
1106 3580 1265 3654 observata
1286 3581 1357 3644 mibi
1378 3583 1548 3662 proposuit.
1589 3582 1774 3652 Observavit
1795 3585 1826 3652 in
1848 3585 2029 3652 sectionibus
2052 3587 2193 3666 dentium,

607 3711 659 3795 qui
681 3710 761 3772 caric
780 3706 963 3788 superficiali
985 3705 1174 3782 laborabant,
1187 3723 1316 3787 *semper
1337 3705 1406 3768 inde
1430 3726 1467 3770 ex
1494 3706 1566 3770 loco
1589 3708 1708 3772 carioso
1731 3708 1926 3778 substantiam
1948 3709 2046 3776 dentis
2074 3731 2193 3776 osseam

490 3919 495 3930 ⁵
607 3835 741 3919 quamvis
769 3832 888 3896 minine
912 3851 1045 3908 exemm,
1073 3839 1172 3892 tamen
1201 3850 1296 3912 usqne
1319 3829 1357 3892 ad
1380 3831 1476 3897 dantis
1499 3851 1605 3894 cavum
1627 3833 1869 3914 perspicuitatem
1890 3853 1944 3896 seu
1966 3834 2057 3902 albidi
2079 3836 2191 3900 coloris

608 3957 848 4041 depravationem
876 3955 1021 4036 adipisci..
1061 3957 1096 4016 lu
1123 3955 1241 4016 laminis
1269 3954 1402 4076 dentium
1431 3955 1617 4019 cariosorum
1634 3957 1751 4026 *talium
1778 3958 1977 4026 subtilissimis
2006 3960 2108 4040 politis
2134 3959 2191 4024 mi.

606 4081 766 4168 crosccpic
796 4080 907 4162 optime
932 4078 1097 4141 observare
1119 4085 1271 4158 poteram„
1298 4077 1349 4140 ubi
1372 4078 1446 4141 deus
1467 4079 1599 4143 albidum
1621 4081 1756 4146 colorem
1778 4081 1930 4160 amiserat,
1955 4083 2113 4164 grmulcsi
2134 4084 2191 4148 ali·

607 4205 678 4288 quid
699 4206 730 4267 iu
757 4203 868 4267 tabulis
891 4203 1001 4279 inesse,
1025 4201 1224 4264 substantiam
1247 4221 1321 4266 vero
1343 4201 1374 4264 iu
1393 4201 1508 4266 ,tubulis
1531 4203 1637 4268 albidis
1660 4205 1753 4285 magis
1771 4205 1947 4272 continuam
1970 4226 2047 4271 esse.
2090 4210 2190 4274 Mate-

607 4329 652 4391 ria
680 4327 733 4389 illa
761 4327 923 4408 manduca
951 4326 1044 4390 acidis
1072 4325 1179 4388 additis
1204 4325 1370 4390 evanescit.
1423 4327 1499 4390 Cum
1530 4327 1622 4396 acidis
1652 4315 1760 4390 additis
1791 4326 1925 4396 colorem
1948 4330 2080 4398 albidum
2101 4333 2190 4398 etiam

607 4452 701 4515 librae
711 4449 853 4523 amittunt
864 4457 974 4511 certum
987 4459 1041 4530 est,
1062 4459 1113 4512 aut
1123 4450 1268 4531 parietum
1279 4449 1472 4516 substantiam
1484 4459 1610 4514 terream
1617 4450 1774 4516 materiam
1786 4462 1836 4516 aut
1844 4453 1968 4522 tubulos
1979 4455 2061 4537 ipsos
2078 4457 2191 4542 aliquid

608 4579 696 4657 bajus
713 4573 852 4637 materiae
868 4572 1029 4636 continere.
1061 4575 1096 4636 in
1112 4573 1229 4636 laminis
1239 4573 1397 4638 subtilibus
1415 4575 1546 4640 dentium
1570 4575 1669 4638 tractis
1686 4575 1834 4644 interdum
1847 4579 2025 4660 particulam
2041 4581 2138 4646 tubuli
2158 4583 2190 4646 in

608 4700 739 4780 margine
761 4695 913 4760 tractionis
930 4695 1150 4778 prominentem
1171 4697 1241 4774 vidi,
1263 4697 1389 4761 solidam
1412 4705 1442 4760 et
1463 4697 1596 4778 ricidam.
1634 4699 1694 4764 nin
1716 4720 1800 4765 vero¹
1814 4707 1924 4766 terreas
1935 4704 2188 4772 materiasaaidis

608 4823 723 4886 edente
734 4821 893 4899 removisti,
914 4821 945 4884 iu
962 4818 1107 4904 dismptis
1124 4819 1245 4888 ,laminis
1268 4821 1465 4902 cartilagineis
1484 4815 1583 4888 bibuli
1603 4843 1685 4888 nuno
1704 4825 1848 4908 pellucidi
1869 4834 1899 4890 et
1911 4827 2056 4895 flexibiles
2076 4831 2189 4915 promi·
