4784 5894
946 567 1027 643 111

157 773 378 838 exsudatione
401 771 633 840 Mammatcria
653 745 686 840 in
708 775 828 841 cambus
849 775 1019 856 valuernut,
1042 795 1165 860 semper
1184 778 1348 862 opiniones
1370 777 1409 844 de
1430 781 1611 848 formatione
1640 785 1711 854 calli
1736 765 1788 854 ta·

156 896 275 962 lentes
297 905 419 963 secutae
441 908 519 986 sunt,
540 907 629 985 atque
650 900 718 982 ipsa
738 901 819 964 haec
836 902 978 965 formatio
1000 901 1070 965 calli
1083 904 1217 967 omnium
1234 877 1410 986 saepissime
1436 905 1628 988 singulariter
1649 913 1790 997 inquisita
1884 990 1892 1007 Ι

158 1033 233 1098 est,
261 993 420 1086 trauderit
443 1024 590 1102 alienum.
613 1023 738 1089 brevem
761 1041 867 1090 eorum
890 1045 969 1110 quae
990 1027 1146 1112 hucusque
1166 1027 1223 1094 hac
1247 1028 1286 1094 de
1307 1049 1342 1094 re
1370 1035 1491 1112 reperta
1517 1036 1607 1110 sunt,
1628 1031 1687 1094 hoc
1714 1029 1787 1093 loco

157 1161 350 1228 proponere
372 1155 576 1229 conspectum

338 1271 406 1332 dam
431 1270 571 1334 Celsus
592 1271 645 1352 (1)
671 1291 747 1335 vcce
775 1272 873 1336 calli
902 1279 948 1336 est
974 1253 1064 1352 usos,
1090 1295 1180 1358 quem
1209 1275 1339 1356 primum
1360 1283 1532 1340 nascentem
1554 1297 1677 1341 caruem
1705 1276 1787 1338 rubi·

159 1393 306 1456 cnrrdmn
326 1393 376 1456 vel
399 1393 592 1458 carunculam
614 1394 789 1458 nominavit.
833 1397 1010 1460 Galenus
1041 1397 1094 1479 (2)
1116 1399 1231 1463 ossium
1264 1401 1429 1463 tractorum
1450 1401 1594 1489 unionem
1616 1399 1682 1464 lieri
1705 1399 1786 1462 dice·

160 1516 221 1578 bat
248 1518 429 1598 interposito
440 1517 520 1582 callo
536 1525 677 1602 tanquam
699 1518 821 1599 glutire,
844 1519 931 1603 quod
939 1521 1122 1601 marginibus
1145 1523 1293 1585 iractcrae
1316 1524 1569 1588 circumcrescens
1590 1544 1608 1588 e
1630 1523 1785 1605 superfluo

159 1641 274 1721 ipsius
286 1641 365 1704 ossis
387 1641 472 1705 tracti
494 1643 677 1704 nutrimento
699 1649 800 1707 ortum
822 1645 926 1707 trahat
977 1645 1044 1707 Hoc
1067 1645 1206 1710 Galeni
1236 1647 1356 1710 axioma
1382 1667 1479 1731 usque
1509 1667 1617 1711 versus
1653 1646 1784 1708 medium

160 1763 331 1828 saeculum
359 1763 496 1826 ultimum
525 1765 667 1840 obtinuit3
701 1759 821 1845 omnes,
856 1768 907 1850 qui
929 1766 1022 1848 longo
1045 1767 1099 1832 illo
1123 1789 1271 1834 minorum
1293 1770 1394 1851 spatio
1428 1771 1582 1848 vixmunt,
1620 1771 1783 1852 scriptores

160 1889 287 1951 callum
322 1887 395 1950 on'ri
423 1887 531 1950 volunt
558 1889 755 1953 exsudatione
790 1897 821 1953 et
848 1892 1042 1954 concretione
1072 1893 1233 1973 singularis
1269 1894 1428 1974 cujusdam
1458 1894 1542 1957 succi
1575 1893 1690 1958 ossilici
1718 1891 1783 1977 (3).

161 2013 293 2074 Primus
316 2010 418 2074 Petit
439 2012 493 2094 (l)
525 2011 640 2076 ossium
672 2013 924 2077 cicamisatiouem
947 2015 1052 2077 eadem
1075 2017 1192 2079 ratione
1213 2017 1378 2101 iisdemque
1400 2016 1519 2099 legibus
1541 2022 1631 2101 atque
1653 2008 1783 2099 partium

162 2137 312 2199 mollium
334 2133 400 2200 lieri
423 2135 591 2210 contendit3
613 2135 691 2199 hauc
714 2137 793 2200 enim
814 2137 871 2200 sibi
901 2139 1029 2200 tinxerat
1051 2140 1280 2220 cogitationem,
1302 2140 1469 2223 lympham,
1492 2161 1571 2224 quae
1585 2141 1708 2204 ossium
1730 2158 1781 2201 ca-

161 2259 325 2322 naliculos
345 2266 516 2340 percurrat,
537 2259 569 2320 in
592 2260 733 2324 lractnris
754 2261 866 2323 effundi
889 2268 979 2344 atque
1001 2269 1070 2324 ante
1097 2269 1268 2344 aperturam
1298 2265 1432 2344 cujusvis
1463 2263 1624 2328 canaliculi
1653 2281 1781 2326 concre-

161 2403 274 2460 scere,
295 2389 409 2463 guttam
436 2382 599 2445 secundam
628 2401 686 2465 per
707 2384 839 2464 priorem
865 2385 946 2447 viam
969 2385 1025 2448 sibi
1047 2387 1217 2467 patefacere
1240 2393 1329 2470 alque
1352 2393 1421 2451 ante
1443 2407 1511 2450 eam
1533 2403 1728 2451 concrescere
1750 2391 1781 2447 et

162 2509 284 2589 ipsam3
307 2506 352 2568 sic
373 2525 465 2569 cavas
487 2507 601 2569 ossium
623 2507 714 2569 libras
727 2507 878 2590 utrinque
898 2509 1063 2589 productas
1085 2509 1258 2574 coalescere
1279 2512 1468 2594 partiumque
1498 2513 1658 2574 fractarum
1688 2509 1779 2572 inter-

162 2631 286 2693 vallum
309 2629 474 2692 substantia
496 2630 675 2709 organisata,
698 2630 818 2692 ossibus
841 2632 930 2693 simili
952 2631 1078 2711 expleri,

334 2753 431 2816 Paulo
452 2753 580 2832 postdu
603 2751 800 2830 llamelffi)
823 2771 942 2830 novam,
955 2753 1094 2835 quamde
1108 2756 1288 2817 formatione
1301 2757 1414 2820 ossium
1437 2763 1646 2838 proposuerat,
1665 2755 1777 2818 doctri·

161 2897 241 2941 nam
265 2876 353 2940 etiam
377 2875 415 2936 ad
437 2875 652 2971 sarmationem,
669 2875 739 2936 calli
762 2878 923 2938 menatem
946 2875 1073 2949 studuit,
1096 2878 1307 2958 experimentis
1328 2879 1360 2942 in
1383 2879 1531 2942 columbis
1550 2881 1627 2940 hanc
1649 2879 1689 2941 ob
1712 2897 1775 2938 rem

163 3001 314 3065 mstimtis
336 2999 434 3080 primo
458 2997 506 3060 die
528 2999 690 3060 fracturam
713 3005 831 3062 tumore
853 3005 945 3062 ovato
967 2999 1147 3064 circumdari
1168 3001 1252 3078 vidit,
1275 3003 1327 3085 qui
1348 3003 1381 3064 in
1402 3002 1547 3079 lamellas,
1569 3003 1601 3064 in
1619 3000 1775 3082 pericsteo

164 3125 359 3200 ter-muratas,
382 3121 475 3184 dividi
496 3129 631 3203 poterat;
653 3121 776 3184 lamella
796 3123 901 3184 intima
930 3123 1123 3203 cartilaginea
1152 3131 1231 3202 erat,
1267 3125 1343 3189 lines
1371 3125 1467 3207 ipsius
1494 3127 1644 3188 fracturae
1670 3122 1775 3204 glabri.

163 3248 331 3320 immotam
353 3279 397 3301 ε-
426 3245 475 3310 dle
496 3252 606 3310 octavo
628 3247 760 3308 fractura
781 3245 998 3310 incrustatione
1018 3265 1109 3310 ossea
1131 3255 1277 3330 cooperta
1299 3256 1370 3326 crat,
1394 3255 1483 3332 atque
1505 3249 1689 3331 pericsteum
1710 3265 1776 3309 ma·

164 3373 277 3434 niseste
298 3377 415 3451 partem
434 3370 562 3432 tumoris
583 3370 718 3432 nondum
740 3369 923 3433 ossilicatam
945 3370 1114 3451 effingebat
1158 3373 1205 3434 Ex
1226 3371 1273 3435 lris
1296 3373 1342 3435 du
1378 3373 1512 3437 llamel
1545 3372 1656 3436 callum
1684 3387 1774 3451 argu·

164 3494 358 3558 mentabatrrr
378 3494 445 3556 lieri
466 3493 672 3571 tumescentia,
693 3492 884 3556 induratione
905 3513 942 3556 ac
964 3493 1094 3578 denique
1115 3495 1317 3560 ossilicatioua
1349 3497 1493 3578 periostei
1515 3496 1630 3559 externi
1670 3499 1701 3556 et
1727 3493 1773 3555 in·

164 3619 256 3696 terni,
278 3619 376 3699 ipsum
399 3623 499 3680 autern
520 3636 556 3680 os
577 3615 621 3679 nil
642 3618 783 3680 conterre
804 3617 843 3679 ad
864 3617 976 3679 callum
997 3619 1229 3698 procreandum.
1273 3619 1308 3682 ln
1326 3639 1397 3682 csse
1412 3621 1481 3700 agni
1503 3626 1572 3682 ante
1592 3619 1671 3680 duos
1688 3635 1773 3680 rnen-

166 3761 220 3806 ses
242 3735 369 3805 infracto
390 3739 500 3802 limites
521 3741 670 3802 fracturae
691 3757 710 3801 a
731 3739 812 3802 callo
835 3740 976 3820 diatim
1004 3757 1067 3802 nou
1091 3740 1219 3822 amplius
1241 3747 1395 3822 poterant,
1424 3742 1457 3803 id
1485 3743 1568 3824 quod
1597 3749 1704 3802 auctor
1730 3739 1772 3800 ila

332 4018 375 4092 (1)
395 4024 534 4087 Celsus,
552 4023 585 4072 de
602 4023 673 4076 med.
691 4023 740 4078 lib.
757 4021 831 4078 vrri.
850 4039 873 4078 c.
893 4023 915 4076 1.
934 4021 961 4078 2.
981 4025 1008 4076 9.

330 4109 371 4178 (2)
390 4113 560 4174 Galenus,
577 4112 693 4161 method.
711 4111 843 4173 medendi,
862 4111 911 4166 lib.
931 4113 960 4174 V,
979 4129 1004 4164 c.
1023 4113 1049 4168 1.
1086 4113 1171 4164 chart.
1190 4122 1210 4167 l.
1228 4115 1263 4164 Χ.
1282 4130 1309 4178 p.
1329 4112 1390 4170 11³.
1408 4113 1439 4171 ’1.
1458 4111 1522 4170 xn.
1541 4130 1566 4180 p.
1585 4113 1647 4167 119.

330 4197 371 4264 (8)
390 4202 461 4248 (ἷοηῐ.
481 4200 664 4264 lllalpiglri,
683 4202 759 4252 Anat.
778 4201 889 4262 plantar.
914 4200 945 4252 Τ.
965 4201 985 4249 1.
1006 4201 1090 4254 lond.
1110 4200 1189 4256 ltro.
1225 4199 1347 4266 Bjuad.
1365 4219 1443 4267 opera
1460 4205 1546 4268 pcrtlr.
1582 4203 1668 4256 Lond.
1689 4201 1770 4256 16⁹8.

169 4311 195 4356 p.
214 4291 259 4342 50.
278 4315 313 4328 -
330 4289 363 4341 N.
382 4293 413 4360 A,
433 4289 554 4350 illaeh,
573 4289 633 4336 diss.
653 4289 686 4336 de
704 4289 789 4349 collo,
808 4290 944 4356 Argenlcr.
964 4288 1043 4342 1681.
1061 4314 1097 4326 -
1115 4291 1282 4354 Mueller,
1300 4292 1360 4340 dira.
1380 4291 1412 4340 da
1431 4293 1501 4341 callo
1519 4293 1626 4346 areium.
1649 4290 1768 4344 monuo.

170 4381 250 4432 1101.
263 4403 295 4414 ·-
313 4375 508 4438 Sclraclrrr,
527 4375 559 4425 dr·
577 4377 723 4424 anatomica
741 4377 845 4438 praeeip
873 4385 929 4437 part
950 4377 1184 4430 administratione.
1204 4379 1274 4442 Llpr.
1296 4377 1373 4430 1110.
1391 4392 1445 4432 rec.
1464 4381 1493 4428 ln
1511 4381 1650 4430 llalleri
1669 4380 1768 4443 disput.

167 4477 239 4518 anat.
258 4467 316 4518 vol.
334 4463 378 4518 Vl.
397 4481 422 4528 p.
442 4464 485 4515 14.
503 4487 540 4500 —-
566 4465 763 4526 Gagliardh
782 4465 801 4515 l.
821 4479 844 4518 c.
863 4479 888 4524 p.
908 4463 951 4518 15.
968 4487 995 4501 -
1014 4467 1155 4528 Hatera,
1174 4468 1193 4522 l.
1212 4481 1245 4528 e.,
1263 4481 1290 4530 p.
1311 4466 1369 4530 143,
1393 4467 1493 4522 m.-
1520 4469 1545 4523 J.
1564 4469 1617 4522 Ch.
1637 4468 1767 4533 lleyue,

168 4564 233 4606 tent.
253 4555 322 4602 med.
342 4553 375 4599 de
393 4555 504 4614 praectp.
524 4553 620 4600 carium
629 4554 735 4614 merleia,
752 4525 840 4613 §.33⁵3
860 4545 968 4619 (aduex.
988 4555 1061 4616 oprrl
1079 4555 1242 4602 Hareminrro
1260 4550 1425 4615 laudato).-
1457 4555 1544 4606 liliam
1561 4557 1768 4616 Boetho-ve,

168 4644 250 4708 prael.
278 4643 305 4689 in
330 4639 412 4690 instit.
430 4640 469 4686 rel
487 4640 582 4692 medlo.
601 4637 656 4704 (op.
673 4642 759 4704 portin
779 4641 819 4689 ed.
839 4641 940 4704 trulla,
959 4642 1029 4694 (dett.
1051 4640 1129 4704 une,
1148 4642 1206 4693 Vol.
1226 4643 1248 4695 1.
1267 4657 1292 4707 p.
1311 4642 1376 4708 4⁵6)
1401 4645 1434 4694 da
1452 4647 1533 4695 lraeto
1552 4661 1608 4694 osae
1627 4645 1716 4694 docuit
1735 4657 1767 4693 rx

168 4731 293 4782 omnibns
309 4741 392 4791 paene
410 4728 513 4788 punctis
537 4729 659 4776 exaudari
677 4729 869 4792 canibglnrrn,
888 4745 955 4794 quae
973 4745 1001 4778 os
1019 4729 1201 4782 consolidaret.

331 4811 371 4882 (4)
390 4815 497 4877 Petit,
516 4814 591 4862 inire
608 4805 733 4866 deamat.
753 4818 798 4866 dra
817 4834 854 4880 cr,
874 4827 891 4866 t.
911 4819 947 4868 11.
967 4835 994 4882 p.
1013 4817 1058 4868 50.

331 4898 371 4968 (⁵)
390 4903 432 4954 du
451 4903 581 4964 llamel,
601 4902 647 4951 ler
663 4902 790 4954 rutmoire
808 4919 854 4954 rur
870 4907 898 4954 la
916 4905 1029 4957 ra'uulmr
1047 4905 1094 4956 der
1111 4908 1238 4957 martures
1255 4909 1301 4958 der
1319 4867 1364 4970 cap
1394 4909 1423 4958 iu
1446 4907 1525 4959 mem.
1545 4909 1578 4958 de
1601 4904 1695 4965 l’aead.
1713 4921 1767 4970 roy.

173 4999 273 5048 derne.
293 4991 371 5056 1142,
389 5008 416 5056 p.
434 4991 479 5046 91.
