4784 5894
1364 488 1442 562 182

601 701 782 765 menbacb
804 701 876 764 loco
899 700 1026 762 infracto
1049 697 1266 760 eircumdatum
1287 696 1500 772 observarunt3
1522 715 1621 780 nequa
1649 699 1786 779 profecto
1809 699 1917 762 mirum
1939 706 1999 779 ast,
2029 698 2114 764 siros
2137 699 2196 774 eal,

602 833 770 889 structurae
793 825 1001 905 cartilaginum
1024 823 1167 904 propriae
1189 822 1320 904 ignaros,
1344 823 1376 884 in
1402 841 1474 886 eum
1496 841 1631 884 errorem
1652 821 1809 900 incidisse,
1830 829 1864 886 nt
1885 824 1965 886 hunc
1987 823 2195 905 armnlnmpro

602 952 756 1032 periostao
780 957 869 1032 atque
892 949 952 1010 tela
974 948 1137 1024 cellulosa,
1160 967 1238 1029 quae
1261 947 1366 1028 primis
1389 946 1496 1010 diebus
1518 946 1631 1009 circum
1653 945 1755 1008 locum
1777 947 1905 1010 fractum
1927 949 2088 1010 humefacta
2114 955 2200 1031 atqua

604 1074 788 1137 condensata
809 1073 965 1150 videbant,
988 1072 1020 1134 in
1041 1071 1237 1134 schamam
1261 1071 1332 1134 calli
1364 1039 1571 1134 mulctatis
1591 1070 1748 1146 haberent;
1783 1071 1865 1154 quod
1887 1091 1925 1134 eo
1948 1071 2067 1134 facilius
2097 1071 2198 1154 aliquis

605 1199 662 1261 sibi
683 1197 870 1279 persuadeat,
893 1216 955 1279 quo
978 1196 1077 1258 mirans
1102 1203 1241 1288 accurate
1263 1215 1327 1257 rem
1350 1195 1481 1277 inquirit,
1503 1213 1602 1277 neque
1625 1195 1695 1256 inda
1719 1214 1738 1255 a
1758 1195 1857 1276 prima
1879 1196 1995 1276 origine
2016 1215 2084 1258 eam
2105 1214 2202 1276 perae·

605 1323 715 1404 quitur.
749 1313 859 1403 'Atque
882 1320 921 1382 ad
944 1319 1144 1400 effingendam
1166 1319 1333 1398 capsulam,
1355 1319 1588 1382 inflammatione
1611 1319 1743 1398 partium'
1766 1317 1902 1382 mollium
1924 1319 2083 1398 orientem,
2116 1339 2203 1406 quum

607 1448 695 1508 etiam
718 1445 847 1508 musculi
874 1445 1071 1526 taudiuesque
1102 1444 1275 1520 conferant,
1297 1441 1486 1522 intelligitur,
1509 1442 1561 1526 qui
1583 1442 1648 1504 fieri
1669 1442 1816 1523 potuerit,
1838 1450 1872 1538 ut
1893 1445 2126 1525 Dupuytren
2153 1445 2203 1506 hoa

607 1591 728 1652 quoque
750 1571 781 1631 in
803 1570 893 1631 talem
916 1568 1172 1648 metamorphosin
1194 1566 1327 1628 incidere
1351 1565 1497 1629 crederet

768 1697 870 1774 Quum
892 1694 923 1753 in
945 1691 1156 1772 experimentis
1178 1691 1253 1753 meis
1276 1709 1338 1752 uon
1361 1696 1422 1752 tam
1445 1689 1476 1752 id
1507 1709 1643 1770 agerem,
1665 1696 1698 1751 ut
1719 1690 1907 1754 sanationem
1928 1691 2004 1754 hene
2026 1693 2207 1772 perficerem,

609 1837 700 1900 quam
721 1824 763 1893 nt,
783 1817 937 1897 quomodo
960 1817 1012 1877 fiat
1033 1817 1159 1892 sanatio,
1182 1816 1383 1890 observarem,
1406 1814 1514 1877 fascias
1537 1814 1576 1876 ad
1598 1815 1764 1896 fragmenta
1777 1814 1810 1876 in
1825 1815 1954 1878 normali
1971 1815 2122 1897 positione
2138 1835 2206 1878 eon·

610 1942 732 2004 tincnda
754 1941 906 2022 applicare
928 1939 1031 2014 omisi3
1054 1959 1147 2022 qnare
1169 1958 1351 2022 quamquam
1373 1937 1490 2001 sanatio
1512 1938 1611 2000 minna
1634 1938 1712 2000 bene
1733 1938 1934 2015 afficiebatur,
1956 1949 2055 2002 tamen
2077 1941 2207 2020 phaeno-

610 2085 698 2128 mena
720 2065 864 2127 continuo
887 2065 991 2126 eadam
1014 2063 1123 2126 inveni.
1169 2065 1204 2124 lu
1227 2064 1359 2125 fractura
1380 2083 1473 2145 snpra
1496 2062 1647 2143 descripta
1669 2063 1735 2144 (fig.
1758 2060 1797 2144 2)
1821 2081 1904 2125 nono
1927 2062 1976 2126 die
1998 2083 2061 2126 non
2076 2064 2145 2142 alia,
2167 2073 2208 2127 at·

610 2209 669 2272 que
691 2190 723 2250 in
744 2190 876 2250 fractura
898 2188 1080 2262 antibrachii,
1104 2187 1141 2248 de
1163 2206 1224 2267 qua
1246 2192 1401 2266 postremo
1425 2185 1495 2262 dixi,
1520 2205 1667 2267 apparere
1689 2185 1835 2263 videmus,
1857 2187 1917 2250 nisi
1939 2188 2021 2268 qnod
2038 2189 2133 2269 magis
2147 2191 2207 2268 jam

612 2313 735 2376 evoluta
756 2318 835 2374 sunt.
880 2313 1003 2388 Verum,
1027 2330 1119 2392 quum
1142 2320 1270 2390 proptor
1289 2329 1429 2388 magnam
1450 2280 1686 2372 dislocationam·
1702 2310 1887 2390 periostenm
1909 2311 2004 2373 multo
2026 2313 2137 2392 majori
2152 2333 2210 2376 am-

612 2438 675 2499 bitu
704 2436 871 2498 abscissum
900 2436 947 2510 sit,
968 2433 1053 2496 initia
1075 2432 1145 2498 calli
1167 2433 1265 2495 uarlto
1286 2433 1381 2512 magis
1403 2452 1421 2493 a
1443 2432 1518 2494 loeo
1539 2433 1635 2496 fracto
1659 2433 1784 2511 datam,
1806 2434 1935 2498 needum
1957 2435 2053 2498 callus
2074 2435 2210 2520 utrinque

615 2561 714 2626 coivit.
739 2593 782 2608 -
828 2561 864 2623 lu
886 2560 1017 2621 fractura
1040 2557 1156 2618 dierum
1179 2558 1236 2632 Xl,
1261 2557 1362 2618 itidem
1385 2555 1540 2633 dulooata,
1563 2557 1682 2634 milam,
1706 2557 1743 2618 ab
1766 2565 1898 2640 antroque
1919 2559 2087 2638 fragmento
2113 2563 2210 2642 profe-

615 2691 706 2764 ctum,
730 2691 864 2770 exparte
892 2703 1022 2758 osseum,
1045 2689 1183 2762 exparte
1207 2682 1305 2742 adiuro
1327 2680 1561 2760 cartilagineurn,
1583 2680 1696 2762 passim
1722 2687 1892 2760 cannatum,
1914 2683 2026 2762 passim
2051 2685 2212 2748 substantia

616 2809 791 2872 intermedia
814 2807 1015 2870 intercedente
1038 2805 1138 2868 adhuc
1158 2806 1341 2885 disjmrctum
1375 2804 1486 2867 iuveni.
1542 2805 1577 2866 ln
1610 2806 1742 2867 fractura
1768 2805 1885 2867 dianam
1913 2807 2020 2884 XVll,
2048 2829 2127 2891 quae
2155 2811 2213 2872 erti-

614 2953 706 3015 gnum
735 2939 852 2995 unum
877 2940 992 2994 motum
1028 2930 1214 3006 admittebat,
1248 2928 1344 2990 callus
1371 2929 1545 2989 mosaeam
1567 2928 1762 2990 substantiam
1784 2947 1911 3010 prorsus
1932 2937 2077 3010 mumtus,
2112 2933 2211 2996 nullibi

616 3065 723 3130 tamen,
746 3037 926 3136 quemqnam
948 3054 1060 3134 possim
1082 3055 1145 3115 fere
1168 3053 1352 3132 contingens,
1375 3057 1521 3114 conamus
1544 3057 1622 3126 erat;
1656 3052 1833 3133 interposita
1855 3055 2033 3117 cernebatur
2053 3056 2213 3122 anhelantia

618 3179 689 3240 satia
707 3178 801 3252 firnaa,
824 3175 1119 3253 libroao-cellulosa,
1142 3196 1222 3258 quac
1241 3175 1410 3237 firmitatem
1432 3174 1566 3238 membro
1589 3175 1712 3237 addidit.
1755 3177 1840 3238 Idem
1860 3177 2015 3242 inventum
2036 3187 2083 3242 est
2103 3182 2136 3244 in
2158 3183 2215 3244 fra·

619 3309 704 3363 ctnrn
732 3301 847 3362 dierum
869 3301 995 3388 XXlll,
1018 3319 1107 3382 quam
1129 3306 1241 3362 sectam
1263 3299 1339 3362 Tah.
1361 3299 1397 3361 ll.
1420 3300 1470 3378 hg.
1494 3297 1524 3362 4.
1549 3297 1727 3362 delineatam
1749 3299 1847 3362 vidus:

778 3423 943 3486 criniculus
966 3423 1051 3504 pede,
1074 3423 1125 3505 qui
1146 3423 1265 3484 uullmu
1283 3424 1349 3501 jam
1369 3429 1484 3484 motum
1507 3423 1538 3484 in
1560 3423 1632 3486 loco
1654 3423 1782 3486 infracto
1805 3423 1971 3503 exhibebat,
1993 3425 2090 3490 libere
2103 3449 2140 3492 ac
2153 3433 2215 3493 siue

618 3550 757 3612 molestia
778 3548 928 3624 utebatur3
951 3547 1048 3610 nihilo
1068 3553 1165 3607 muron
1190 3545 1304 3622 murus,
1326 3553 1430 3626 aperta
1451 3547 1596 3622 fractura,
1619 3548 1784 3626 fragmenta
1804 3547 1912 3610 nullibi
1934 3568 2023 3612 ossea
2053 3552 2217 3618 substantia

618 3675 697 3737 iuter
718 3693 750 3736 se
776 3675 884 3752 juncta
910 3671 1103 3755 apparebant
1150 3673 1266 3732 Tuumr
1293 3671 1421 3751 partium
1451 3670 1589 3734 mollium
1616 3671 1679 3732 fere
1707 3689 1836 3752 prorsus
1863 3671 2066 3752 &aperueram
2089 3683 2217 3742 attamen

619 3798 748 3870 tourscnli
770 3797 983 3879 profundiores
1006 3796 1130 3860 modus
1152 3815 1242 3878 quam
1264 3795 1295 3856 in
1317 3795 1399 3858 sanis
1423 3796 1485 3858 ossi
1510 3794 1612 3856 adnati
1635 3802 1729 3859 eruut.
1774 3795 1988 3876 Fragmentum
2009 3801 2152 3878 superius
2167 3801 2216 3886 (a)

622 3919 735 3999 angulo
757 3921 820 3980 fere
843 3921 881 3978 ad
904 3921 1028 3980 inferius
1051 3920 1104 4002 (b)
1126 3919 1272 3999 positum,
1296 3918 1487 4000 superficiem
1515 3920 1639 3982 fractam
1662 3919 1821 3982 exhibebat
1842 3924 2062 3999 transversam,
2085 3942 2218 4008 aequam,

625 4049 713 4124 atque
737 4059 834 4121 prope
855 4041 1016 4101 fracturam
1038 4039 1118 4100 callo
1141 4042 1215 4102 satia
1236 4041 1346 4122 amplo,
1369 4059 1496 4121 prorsus
1518 4059 1617 4117 ousae,
1642 4051 1820 4123 coopertum
1841 4049 1913 4106 erat.
1958 4045 2017 4106 llic
2037 4045 2137 4111 callus
2156 4051 2220 4112 coi·

623 4174 687 4228 erat
709 4185 776 4227 mum
799 4184 845 4241 co,
868 4163 919 4245 qni
942 4162 1073 4225 olibula
1096 4162 1144 4242 (c)
1167 4163 1267 4225 itidem
1290 4163 1471 4224 inflammata
1493 4163 1683 4244 prosiluerat,
1705 4173 1734 4226 et
1755 4167 1820 4227 fare
1841 4166 1973 4250 undique
1995 4168 2033 4230 ad
2057 4173 2219 4252 marginem

625 4289 773 4349 fracturae
795 4295 995 4369 prorepserat,
1019 4293 1146 4364 excepto
1169 4286 1238 4348 solo
1259 4285 1353 4346 latere
1376 4285 1495 4350 mtamo
1518 4287 1581 4372 (d),
1604 4288 1687 4371 qnod
1712 4287 1752 4367 1}
1775 4289 1839 4350 fere
1865 4290 1919 4354 lin.
1941 4290 2129 4382 longitudine
2158 4295 2221 4376 gh.

625 4412 711 4472 bram
742 4410 983 4490 immutatumque
1013 4409 1090 4472 ossis
1113 4409 1303 4490 mrpcrliciam
1324 4410 1512 4473 ostendebat.
1555 4410 1659 4474 'lobna
1679 4409 1854 4474 medullaris
1876 4433 1971 4496 usque
1993 4415 2033 4476 ad
2061 4413 2238 4482 fracturam'

626 4555 706 4596 uova
727 4532 892 4596 substantia
914 4549 1003 4594 osaea
1026 4551 1152 4612 prorsus
1173 4535 1309 4615 repletos
1337 4541 1410 4596 erat.
1455 4534 1582 4596 inferius
1604 4534 1801 4614 fragmentum
1822 4553 1897 4600 vero
1920 4537 1951 4598 iu
1972 4537 2076 4618 plures
2107 4543 2224 4606 asculan

627 4665 691 4720 crat
713 4657 870 4720 discissum
894 4655 1057 4736 faciemque
1081 4657 1238 4718 exhibebat
1260 4657 1461 4740 inaequalem
1484 4675 1546 4718 una
1568 4655 1670 4738 cuspis
1692 4659 1920 4722 aorrtiorcutem
1943 4663 2119 4742 perforarat,
2143 4669 2223 4740 ains·

627 4801 685 4864 quo
708 4799 779 4860 para
802 4787 935 4842 extrema
955 4779 1045 4852 nuda,
1067 4779 1131 4840 aeri
1154 4779 1300 4858 exposita,
1322 4781 1353 4842 in
1376 4779 1517 4842 necroaiu
1540 4779 1659 4858 abierat,
1683 4800 1775 4844 crena
1792 4785 1858 4862 jam
1879 4785 2044 4863 sejunctam
2066 4807 2084 4848 a
2106 4789 2224 4874 reliqna

628 4911 713 4987 parte
735 4904 813 4980 viva,
836 4923 924 4986 quae,
948 4911 981 4965 ut
1003 4909 1083 4964 totus
1106 4903 1262 4982 fragmenti
1284 4903 1366 4980 finis,
1388 4923 1486 4985 usque
1513 4903 1550 4964 ad
1578 4905 1742 4987 marginem
1770 4908 1919 4970 fracturae
1948 4928 2028 4971 nova
2057 4911 2225 4976 substantia
