4784 5894
1358 656 1363 665 ι

579 757 715 832 scissum,
739 761 769 818 et
791 753 937 838 quidquid
958 769 1015 836 per
1036 758 1150 816 certum
1172 751 1298 837 aliquod
1319 759 1438 836 tempus
1460 751 1592 836 inpedit,
1614 769 1676 837 quo
1697 752 1797 818 minus
1819 753 1941 834 sanguis
1964 771 2003 816 ex
2021 754 2058 818 iis
2072 754 2186 827 inesse

578 881 742 960 perveniat,
764 879 909 943 continuo
930 877 1072 940 necrosin
1094 877 1196 959 gignit,
1225 877 1285 942 nisi
1308 885 1360 942 aut
1381 877 1492 960 exiguo
1521 877 1620 960 spatio
1647 878 1707 942 hcc
1735 877 1980 960 mpedmenmn
2008 879 2186 960 continetur,

580 1013 630 1064 aut
661 1005 775 1086 primae
803 1003 975 1066 intentionis
1005 1000 1095 1064 datm
1116 1002 1252 1080 occasio,
1282 1003 1402 1066 autito
1433 1001 1582 1084 gradatim
1611 1002 1765 1083 sanguinis
1795 1002 1952 1066 cohibetur
1973 1003 2116 1082 effluxae,
2149 1011 2185 1068 ut

580 1128 701 1189 aliunde
723 1148 792 1190 eum
813 1126 989 1190 restituendi
1010 1135 1128 1208 teinpus
1150 1126 1248 1190 detur.
1261 1157 1305 1176 ·-
1327 1126 1502 1194 Socerum
1523 1145 1596 1209 pare
1617 1126 1779 1203 ueorotioa
1801 1125 2024 1208 utinpno'tns
2034 1127 2183 1206 mollibus,

579 1252 671 1335 limite
694 1251 925 1314 inflammator-io
948 1259 978 1313 et
1000 1251 1227 1332 suppuratione.

739 1378 765 1438 ll
769 1377 777 1438 i
801 1376 898 1438 exitus
921 1375 1163 1437 inflammationis
1185 1375 1217 1436 in
1239 1373 1379 1440 omuibus
1401 1374 1534 1458 quidem.
1544 1373 1665 1438 ossn'bus
1687 1380 1862 1453 occurrunt,
1884 1393 1942 1438 nec
1960 1374 2059 1438 minus
2070 1376 2102 1438 in
2113 1377 2184 1440 sub-

580 1510 689 1562 stantie
711 1501 876 1581 spongiosa
898 1518 989 1582 quom
1010 1499 1042 1560 in
1065 1499 1230 1562 substantia
1252 1505 1426 1581 compeota;
1447 1517 1554 1562 verum
1576 1517 1670 1582 quum
1691 1498 1770 1562 ratio
1792 1498 1872 1561 inter
1892 1497 2055 1564 medullam
2069 1507 2101 1562 et
2113 1501 2186 1564 sub-

579 1625 718 1686 stantiam
740 1643 859 1687 osseam
882 1624 1071 1690 intercedens
1093 1624 1125 1684 in
1146 1623 1282 1705 numque
1305 1621 1430 1700 differat,
1452 1623 1529 1686 haec
1550 1623 1684 1686 exittrnm
1706 1622 1843 1686 exoritur
1864 1622 2038 1700 differentia,
2059 1633 2093 1686 ut
2114 1625 2187 1686 sub-

580 1750 690 1810 stantia
711 1749 879 1830 spongicsa
901 1748 997 1829 magis
1019 1747 1058 1810 ad
1080 1747 1329 1829 suppurationem
1352 1754 1381 1810 et
1403 1746 1443 1808 od
1465 1747 1584 1823 cariem
1607 1745 1761 1810 corticalis
1782 1747 1879 1828 magis
1901 1748 1941 1808 ad
1962 1719 2185 1828 uectosinpro-

584 1873 670 1934 clivis
693 1873 741 1934 sit.

741 1998 859 2060 Causae
883 1995 1011 2060 ostitidis
1032 1995 1082 2059 vel
1105 1997 1286 2059 internae
1307 2002 1387 2072 sunt,
1409 2013 1487 2078 quae
1509 2013 1616 2058 omnes
1637 1996 1670 2058 in
1691 1993 1773 2060 mala
1793 1995 1938 2058 mixtione
1959 1995 2113 2075 sanguinis
2140 1997 2185 2058 vi-

581 2123 690 2182 dentur
713 2121 829 2201 positae
852 2139 934 2198 esse,
962 2121 1021 2184 nisi
1043 2121 1111 2203 quie
1131 2120 1340 2183 musculorum
1361 2120 1583 2183 contractiones
1605 2119 1858 2195 vehementiores,
1887 2119 2001 2184 ossium
2024 2117 2187 2206 (patellae)

582 2247 729 2306 tractuum
752 2245 932 2322 efficientes,
960 2246 1019 2306 hnc
1041 2245 1154 2306 reterre
1175 2244 1264 2320 velit,
1291 2243 1342 2306 vel
1363 2249 1562 2320 externae,
1591 2249 1625 2306 ut
1645 2242 1787 2319 vulnera,
1815 2244 1978 2317 insomnem
2008 2263 2086 2326 qnae
2108 2244 2134 2307 ei
2155 2245 2186 2306 in

584 2387 691 2430 sanum
713 2387 826 2449 corpus
848 2367 991 2446 incidunt,
1014 2367 1180 2448 simplicem
1202 2366 1465 2430 inflammationem
1487 2373 1658 2449 procreent,
1680 2367 1728 2430 sin
1751 2368 1783 2428 in
1805 2367 1941 2430 homines
1964 2365 2187 2448 dysorasiaali·

586 2511 646 2572 qua
667 2491 849 2568 laborantes,
872 2493 962 2572 hujus
984 2490 1088 2554 indole
1109 2491 1261 2554 imbutam.

744 2617 822 2678 Cum
844 2616 876 2678 in
898 2615 1018 2678 necrosi
1041 2615 1120 2679 ectio
1142 2620 1257 2678 tantum
1282 2633 1334 2694 ea,
1363 2633 1441 2699 quae
1463 2614 1651 2696 inpartibus
1678 2615 1756 2678 uvis
1784 2615 1887 2688 eedem
1908 2615 2009 2693 habet,
2038 2618 2068 2679 h.
2090 2636 2117 2680 e.
2140 2618 2186 2680 in-

585 2740 756 2816 flammatio,
780 2740 812 2802 in
835 2739 1072 2823 disquisitionem
1094 2738 1333 2821 physiologicam
1355 2739 1451 2816 cadet,
1475 2739 1552 2802 duee
1573 2745 1690 2804 mnium
1711 2739 1828 2821 species
1850 2740 2093 2804 inflammationis
2103 2741 2185 2824 prin-

585 2865 699 2945 cipales
723 2864 893 2928 sceleratius
915 2864 1165 2946 contemplandae
1187 2872 1315 2929 metant:

714 3047 717 3054 .
744 2988 783 3050 Α.
827 2988 1094 3051 Inflammatio
1116 3008 1223 3050 mere
1242 2989 1489 3064 exsudativa;
1515 2989 1666 3070 pertinent
1692 2990 1751 3052 lmc
1773 2995 1943 3067 exostoses‚
1972 2987 2129 3054 vulnerum
2153 2997 2184 3050 et

585 3114 785 3174 iacturarum
807 3111 924 3174 sanatio
947 3131 1003 3192 per
1025 3111 1153 3192 primam
1174 3111 1378 3174 intentionem.

744 3237 781 3296 B.
827 3233 1093 3298 lullammatio
1123 3255 1203 3297 cunr
1231 3236 1515 3317 suppuratione
1542 3238 1769 3317 conjuncta,
1798 3239 2001 3320 complectens
2028 3237 2186 3302 volum

476 3362 479 3370 ’
586 3365 615 3420 et
638 3360 836 3420 tractatarum
858 3359 1042 3421 sanationem
1067 3377 1122 3440 per
1143 3359 1406 3440 suppurationem,
1433 3361 1563 3442 portium
1591 3362 1820 3426 necrottcarum.
1833 3363 2068 3445 separationem,
2097 3369 2189 3444 atque

588 3483 843 3562 regernerotionem
867 3483 945 3546 ossis
965 3501 1031 3544 eam
1054 3483 1267 3565 insequentem.
