4856 5896
771 2403 1329 2518 PROOEMIUM.

249 2854 402 2962 Nemini
424 2886 534 2978 magis
562 2885 787 2956 neeessariam
814 2891 869 2954 esi
895 2887 1108 2974 scriptionem
1122 2885 1351 2978 evulgatum,
1377 2892 1415 2962 nl
1441 2885 1684 3000 preemineirdn
1712 2885 1851 2976 praela·

250 3031 341 3099 tinne
362 3029 519 3097 lectorem
540 3047 743 3118 praeparere
764 3029 956 3118 paransque,
978 3046 1042 3116 qun
1065 3027 1201 3096 consilio
1219 3027 1401 3120 scripserit,
1421 3028 1582 3096 rationem
1603 3026 1746 3096 reddere
1765 3045 1850 3118 pas·

250 3173 305 3261 sil,
326 3189 423 3260 qnam
439 3171 556 3256 juveni
577 3172 700 3259 primos
720 3169 868 3240 laborum
890 3169 1019 3238 fruetus
1041 3168 1301 3240 considerandas
1323 3169 1614 3259 aestimandosque
1634 3168 1718 3238 viris
1740 3167 1848 3238 doctis

251 3333 316 3380 nnn
338 3315 411 3382 sine
432 3311 634 3382 vererundia
655 3313 814 3382 offerenti.
855 3311 945 3404 ngr,
966 3318 1004 3381 nt
1024 3329 1133 3400 neque
1155 3331 1277 3404 eornm,
1297 3311 1328 3380 si
1350 3312 1406 3400 qni
1427 3310 1546 3382 lecturi
1573 3317 1669 3403 sunl,
1698 3309 1848 3401 desipia-

252 3461 305 3522 lnr
326 3455 543 3544 axspeetelin,
562 3459 599 3522 et
619 3459 657 3522 nt
677 3453 766 3522 lalsa
787 3453 831 3522 de
851 3469 905 3524 me
926 3455 999 3544 ipsa
1026 3452 1152 3542 jndiaia
1183 3453 1344 3544 devitem,
1378 3453 1724 3523 mnvenientissinnn
1751 3452 1848 3543 daea,

249 3596 294 3665 ad
316 3595 526 3688 deligendam
547 3591 633 3665 hane
655 3597 825 3665 materiem
846 3595 925 3685 qnid
946 3615 998 3665 me
1020 3596 1193 3686 impulerit,
1215 3596 1250 3665 in
1271 3594 1598 3686 perirartandnqnid
1612 3595 1845 3686 monstrarier,

249 3745 284 3806 et
305 3757 389 3826 quas
411 3738 508 3828 leges
530 3743 667 3806 seenlns
687 3737 761 3828 sim,
781 3755 865 3807 vere
886 3738 1141 3827 simpliciterque
1162 3754 1329 3806 enarnre

405 3879 549 3948 Primam
569 3877 816 3946 eansembandis
836 3877 931 3946 hisne
951 3879 1096 3968 pagellis
1117 3895 1234 3946 ansam
1256 3873 1347 3946 dedit
1368 3878 1580 3968 neeman,
1601 3893 1646 3946 ax
1667 3895 1758 3946 mara
1778 3893 1844 3946 an·

247 4023 337 4110 liqna
353 4020 470 4108 jnveni
489 4007 633 4088 summas
653 4018 797 4088 honores
818 4017 1001 4109 adspirasti
1023 4019 1191 4108 imposita,
1223 4036 1291 4110 qna
1312 4016 1493 4088 studiorum
1513 4018 1707 4106 juvenilium
1727 4019 1843 4116 speei-

246 4183 321 4234 men
347 4163 477 4252 publiea
504 4151 739 4230 dissertatione
757 4153 902 4252 'proponi
926 4162 1069 4248 Jnlretnr.
1121 4160 1217 4245 Quod
1252 4179 1349 4252 quarn
1370 4162 1441 4248 jam
1469 4159 1590 4230 dudum
1615 4179 1841 4254 magnacum

245 4307 355 4376 studio
376 4304 562 4374 anammiae
581 4302 815 4394 pallalngieea
837 4321 970 4392 opernm
992 4303 1170 4394 dedissem,
1190 4304 1238 4371 nti
1260 4302 1324 4374 hae
1353 4301 1464 4372 ollsts
1485 4303 1661 4374 amulam
1688 4303 1840 4374 valelnm

247 4448 291 4518 ad
313 4447 419 4514 lnenn
440 4447 582 4536 nliqnem
602 4444 732 4514 endan
754 4445 904 4514 doctrina
924 4447 1064 4535 propriis
1085 4445 1213 4514 viribus
1234 4444 1511 4534 perennandum
1554 4445 1631 4514 Non
1653 4451 1729 4515 mat
1749 4447 1838 4538 qnod

246 4590 281 4656 in
303 4587 455 4657 doctrina
476 4593 545 4656 tam
565 4585 635 4656 late
656 4592 804 4678 patente,
825 4593 861 4656 et
882 4603 968 4676 qnae
989 4593 1117 4654 tnntnm
1138 4581 1212 4655 iere
1232 4583 1426 4656 inerementi
1447 4588 1585 4678 ceperit,
1605 4593 1644 4657 nt
1665 4585 1711 4657 ad
1730 4607 1838 4658 exaa-

245 4730 377 4802 lendam
398 4735 502 4799 erlem
523 4728 681 4798 medeam
702 4729 936 4822 gravissimam
957 4728 1101 4798 suturam
1123 4745 1201 4798 esse
1224 4735 1396 4822 appareat,
1415 4725 1518 4824 longe
1549 4747 1742 4820 quaeram
1761 4747 1836 4800 ma·
