4784 5894
1393 553 1464 630 tlt

637 771 707 846 bus,
750 769 943 831 solummodo
978 787 1015 830 ee
1050 769 1204 844 difienrnt,
1247 767 1330 849 qnod
1367 768 1398 828 in
1432 787 1537 828 reram
1571 749 1690 828 osseam
1726 765 1936 839 substantiam,
1976 763 2155 825 formatione
2186 781 2236 842 per

634 902 716 954 certa
743 901 886 976 tanquam
920 892 1015 955 stadie
1055 891 1282 972 progrediente,
1317 891 1435 953 abeunt.
1495 891 1678 970 Orgnnicum
1717 909 1784 952 esse
1819 887 1943 964 callum,
1977 905 2069 969 quum
2104 886 2135 946 id
2169 887 2235 946 satia

634 1016 746 1097 liqueat
776 1037 813 1078 ex
835 1018 886 1093 its,
909 1023 992 1100 quae*
1008 1033 1101 1097 snpra
1123 1014 1161 1076 de
1184 1022 1334 1077 structura
1355 1021 1446 1098 atque
1469 1013 1642 1076 evolutione
1672 1016 1739 1093 ejus
1763 1011 1863 1089 attuli,
1895 1012 1946 1073 rix
1986 1018 2045 1084 est,
2079 1017 2112 1070 nt
2150 1027 2235 1088 orger-

634 1141 740 1201 mentis
764 1141 863 1201 (lerino
886 1140 1090 1220 comprobem.
1135 1140 1218 1201 Vasa
1241 1139 1272 1200 in
1295 1157 1333 1200 eo
1355 1139 1573 1220 procurrentia,
1595 1157 1674 1220 quae
1694 1135 1946 1217 janraDetlef‚
1969 1135 2128 1206 llnnter,
2149 1133 2235 1191 Cal-

633 1263 747 1340 lieen,
782 1264 983 1344 llowship,
1013 1262 1202 1324 Breselret
1224 1261 1435 1342 injectionibus
1459 1262 1662 1324 demonstrata
1684 1269 1749 1323 ete
1771 1280 1820 1322 me
1842 1279 1963 1342 quoqne
1991 1257 2112 1337 saepius
2135 1255 2235 1316 obmr-

632 1393 701 1448 vata
723 1395 807 1463 sunt,
830 1407 893 1450 non
917 1386 1004 1448 aliter
1026 1406 1093 1448 sese
1116 1386 1226 1447 habent
1248 1392 1337 1468 atque
1359 1385 1391 1446 in
1414 1403 1484 1448 esse
1507 1385 1660 1466 prinmrio.
1707 1387 1880 1446 Deeurrnnt
1902 1381 1981 1444 euim
2003 1381 2035 1441 in
2062 1379 2234 1442 canaliculas

633 1510 860 1586 medullaribns,
887 1511 942 1592 qui
970 1510 1079 1590 partim
1107 1510 1138 1571 in
1166 1518 1290 1571 externa
1317 1509 1479 1590 superficie
1507 1509 1588 1571 vasis
1618 1529 1635 1570 e
1664 1507 1818 1590 periosteo
1847 1505 2025 1586 recipiendis
2054 1503 2233 1585 aperiuntur.

633 1635 742 1716 partim
766 1655 834 1696 oum
857 1634 1034 1696 earnaliculis
1058 1633 1135 1695 ossis
1159 1634 1268 1695 veteris
1292 1634 1447 1714 conjuncti
1469 1640 1553 1706 sunt3
1576 1632 1706 1714 indeque
1729 1631 1817 1696 etiam
1839 1649 1913 1692 vasa
1935 1629 2004 1691 calli
2029 1636 2059 1690 et
2083 1627 2163 1690 ossis
2185 1647 2233 1688 ve-

632 1761 703 1820 teris
725 1759 802 1820 inter
824 1778 857 1820 se
881 1759 1051 1820 cohaerent.
1097 1757 1141 1818 Ea
1163 1777 1212 1819 res
1231 1759 1296 1836 jam
1318 1749 1356 1817 ab
1387 1757 1573 1838 Howship·
1594 1755 1652 1841 (l)
1675 1775 1734 1837 epe
1757 1753 1948 1834 microseopii
1972 1751 2175 1814 demonstrata
2192 1761 2234 1810 at·

631 1901 689 1962 qne
713 1901 731 1942 n
753 1901 801 1942 ure
824 1901 944 1964 qnoque
964 1882 1366 1962 =scepennmere.observata
1390 1889 1444 1943 est.
1985 1969 1988 1972 Ι

790 2006 928 2067 Fimritas
952 2006 1022 2066 ealli
1046 2005 1094 2068 vel
1117 2005 1196 2067 ossis
1219 1993 1298 2068 callo
1321 2005 1430 2066 reuniti
1452 2023 1510 2086 pro
1534 2007 1650 2084 majore
1672 2011 1725 2067 ant
1754 2006 1870 2066 minore
1893 2001 2066 2062 evolutione
2089 1979 2161 2060 calli
2183 1999 2232 2059 ed·

629 2129 751 2190 modum
776 2129 882 2191 differt.
928 2129 960 2190 Si
983 2130 1192 2194 tantummodo
1215 2129 1300 2209 prior
1329 2128 1425 2190 callus
1449 2130 1594 2192 formatus
1618 2134 1679 2203 est,
1700 2128 1840 2190 materies
1861 2144 1935 2188 vere
1959 2144 1976 2185 e
1999 2124 2231 2203 fragmentorum

632 2253 791 2332 superficie
815 2253 966 2312 denudate
987 2259 1076 2332 etque
1099 2271 1137 2312 ex
1159 2253 1233 2331 ipe's
1255 2253 1405 2313 fracturae
1428 2251 1561 2313 faciebus
1583 2253 1736 2333 profectae
1747 2269 1859 2333 parum
1877 2247 2015 2311 evolutae
2026 2251 2105 2323 sunt,
2127 2246 2231 2309 iterum

630 2375 779 2436 incidente
802 2374 832 2434 vi
856 2380 979 2435 externa
1002 2375 1133 2434 fractura
1155 2375 1262 2435 eodem
1285 2373 1356 2436 loco
1380 2374 1489 2448 oritur;
1512 2373 1573 2436 tela
1596 2393 1684 2437 ossea
1706 2393 1786 2437 nova
1808 2376 1873 2456 ipsa
1895 2370 1993 2435 adine
2011 2373 2077 2433 fere
2107 2369 2229 2435 friabilis

629 2505 682 2572 est,
705 2497 796 2558 immo
819 2496 884 2558 sine
905 2495 1209 2576 magna·diffienltate
1232 2497 1269 2558 ab
1292 2515 1362 2560 osse
1383 2503 1485 2560 vetere
1508 2497 1598 2560 etiarn
1619 2497 1757 2580 seperari
1778 2504 1886 2580 potest.
1932 2495 1985 2557 Sin
1996 2491 2071 2558 uero
2086 2495 2225 2558 formatio

629 2620 699 2684 calli
723 2620 860 2682 omnibns
882 2619 1017 2700 partibus
1040 2627 1247 2682 consummata
1271 2627 1324 2697 est,
1346 2640 1504 2704 novaeque
1527 2623 1666 2684 materies
1689 2640 1795 2685 osseae
1817 2621 1949 2704 undique
1967 2622 2114 2696 coierunt,
2136 2620 2162 2681 si
2178 2619 2228 2680 de-

571 2781 574 2786 *
627 2745 718 2827 nique
737 2745 802 2824 jam
825 2749 929 2806 eortex
952 2749 1093 2806 externos
1116 2744 1210 2806 durus
1232 2751 1323 2826 atque
1344 2745 1425 2810 intus
1447 2745 1509 2807 tela
1530 2747 1695 2828 spongiose
1716 2746 1766 2808 vel
1790 2763 1897 2807 earum
1919 2743 2128 2806 medullarein
2149 2741 2225 2805 callo

625 2873 839 2944 memineat,
862 2887 898 2932 os
921 2867 1037 2936 facilins
1060 2867 1120 2929 alio
1152 2867 1231 2947 loco,
1254 2887 1344 2951 quam
1367 2877 1518 2950 queunte
1541 2871 1666 2931 fractum
1691 2878 1762 2946 erat,
1785 2869 1940 2948 frangitur.
1992 2868 2026 2928 ln
2055 2868 2225 2930 universum

625 3011 664 3055 eo
686 2992 792 3054 firmor
813 2997 859 3054 est
881 2993 1116 3071 fragmentorum
1139 2993 1255 3068 reunie,
1279 3011 1339 3074 qno
1362 2992 1432 3073 plus
1465 2993 1622 3073 temporis.
1640 3000 1710 3073 post
1740 2999 1874 3054 exortum
1904 2993 2065 3053 fracturam
2095 2997 2224 3071 praeter-

623 3115 743 3197 lapsum
766 3121 820 3178 est.
866 3117 991 3194 'l'roJ'a
1013 3115 1068 3176 bac
1091 3114 1129 3175 de
1152 3134 1185 3177 re
1208 3109 1629 3197 experimenta'eemparandi
1652 3113 1747 3178 cansa'
1765 3115 1898 3192 irretituit,
1921 3133 2040 3189 verum,
2065 3115 2150 3196 quod
2173 3114 2224 3176 de-

623 3239 754 3315 lendum,
777 3238 808 3298 in
830 3237 1045 3299 recentioribus
1068 3244 1183 3299 tantum
1204 3240 1357 3311 fracturis:
1381 3240 1412 3300 in
1434 3241 1573 3302 fracturis
1596 3239 1700 3317 tibiae,
1730 3240 1761 3300 in
1783 3237 1920 3319 pluribus
1942 3237 2068 3299 canibus
2091 3237 2223 3317 ejusdem

624 3362 729 3425 aetatis
752 3361 873 3438 effectis,
895 3362 985 3424 hasce
1009 3361 1086 3422 inter
1109 3361 1278 3424 firmitatem
1300 3361 1362 3424 loci
1385 3363 1503 3426 infracti
1525 3370 1555 3426 et
1578 3364 1656 3426 ossis
1686 3361 1795 3425 veteris
1818 3362 1950 3423 rationes
1972 3361 2159 3424 intercedere
2180 3363 2223 3424 in·

621 3486 718 3549 venit:
741 3491 811 3566 post
833 3485 898 3548 dies
919 3491 1050 3567 quatuor
1075 3481 1176 3560 1:31,
1197 3491 1268 3566 post
1289 3486 1352 3548 dies
1377 3486 1481 3549 decem
1508 3485 1585 3564 127,
1608 3506 1640 3566 p.
1661 3484 1689 3547 d.
1712 3481 1852 3547 undecim
1878 3485 1915 3546 l:
1929 3483 1965 3562 l,
1987 3505 2018 3566 p.
2041 3484 2071 3548 d.
2093 3485 2223 3548 sedecim

622 3609 705 3674 123.
750 3610 943 3672 Breaehet
974 3607 1216 3691 inquisitionibus
1250 3611 1355 3671 eadem
1385 3610 1424 3672 de
1452 3629 1487 3671 re
1516 3610 1601 3672 factis
1633 3609 1810 3684 fracturam,
1844 3607 1947 3690 quoad
1970 3607 2066 3670 callus
2089 3609 2222 3672 nendum

619 3753 746 3818 prorsus
770 3734 938 3796 ossifieatus
962 3740 1034 3811 erat,
1057 3750 1177 3814 semper
1199 3733 1306 3796 eodem
1328 3733 1408 3812 loeo,
1432 3753 1492 3816 qno
1516 3739 1612 3809 antea,
1635 3731 1788 3815 aliquante
1811 3751 1885 3794 vero
1901 3739 1972 3812 pest
1993 3734 2157 3812 perfectam
2173 3753 2221 3796 os·

619 3859 817 3920 sificationem
838 3877 875 3920 os
897 3857 963 3919 eliis
985 3858 1062 3919 loeis
1085 3857 1201 3920 facilius
1224 3857 1321 3938 frangi
1344 3857 1470 3930 invenit3
1495 3863 1624 3919 atamen
1647 3863 1736 3919 ancta
1763 3857 1837 3919 baec
1859 3855 1982 3918 firmitas
2009 3862 2080 3937 post
2102 3855 2220 3936 longius

619 3985 737 4059 tempus
772 3997 877 4040 rursus
912 3977 1036 4039 numni
1065 3986 1154 4062 atque
1184 3981 1273 4042 etiem
1295 3999 1422 4061 prorsus
1455 3981 1609 4060 disparere
1629 3981 1796 4044 uidebatur.
1841 3979 1875 4042 Si
1896 3981 2028 4042 fractura
2050 3981 2220 4061 fragmentis

619 4101 676 4165 sibi
698 4101 936 4184 superimpositis
957 4106 1110 4178 sanantur,
1133 4104 1239 4165 reemio
1262 4124 1300 4165 eo
1324 4104 1439 4166 firmior
1462 4113 1522 4181 est,
1556 4122 1616 4186 qno
1646 4107 1746 4184 major
1778 4123 1850 4185 pars
1880 4101 2002 4169 alterins
2032 4105 2112 4167 oseis
2135 4103 2218 4166 alteri

618 4225 850 4305 superimposita
873 4231 928 4290 est.

777 4348 953 4426 Propontis,
976 4368 1052 4429 qnae
1075 4340 1140 4429 ipse
1163 4348 1201 4410 de
1223 4349 1369 4411 reunione
1392 4352 1506 4415 ossium
1533 4354 1696 4414 fractorum
1725 4351 1896 4427 observari,
1925 4349 2015 4412 liceat
2044 4361 2217 4431 argrimenta

617 4471 740 4552 aliquot,
763 4489 839 4551 quae
862 4469 990 4529 maxime
1013 4479 1209 4536 eornroversa
1230 4473 1309 4535 inter
1329 4473 1411 4536 viros
1436 4475 1540 4540 doctos
1572 4477 1693 4538 fuerunt
1721 4483 1750 4536 et
1773 4473 1810 4536 de
1833 4473 1941 4556 quibus
1963 4474 2126 4538 etiamnum
2157 4475 2217 4538 dis·

617 4601 759 4674 reptatur,
783 4591 886 4672 paneis
909 4589 1068 4672 inquirere.

615 4799 936 4816 m

777 4973 816 5045 (1)
836 4979 1003 5042 Hearabip,
1022 4982 1043 5033 1.
1062 4997 1089 5034 c.
1107 4997 1131 5044 p.
1150 4983 1194 5036 91.
1213 4983 1277 5032 Tala.
1296 4983 1344 5032 xl.
1364 4988 1405 5044 fig.
1424 4987 1450 5038 8.
