4784 5894
145 759 563 840 Boebmer'sangniaem
591 759 870 830 eberbaoturun·
892 758 1034 837 simun,
1063 759 1286 844 paulatimque·
1309 759 1447 826 eoem
1475 781 1563 825 scum
1593 763 1783 840 ambientem
1822 721 1825 728 ι

143 901 221 968 pro
251 901 474 968 compostae,
497 873 627 948 exosae
649 885 811 962 camdato,
840 881 1018 961 babebme·
1032 884 1081 947 du
1103 884 1247 962 tiamsi,
1276 885 1528 966 Fouperoux,
1556 855 1789 965 Schwenke,

145 1011 354 1087 recentiores
375 1008 513 1092 plerique
535 1008 663 1070 mem
684 1009 799 1072 nullius
821 1010 886 1072 iere
908 1005 1051 1072 momenti
1068 1009 1194 1088 babent,
1215 1016 1305 1091 atque
1326 1009 1517 1090 resorptioue
1539 1029 1645 1079 rursus
1669 1013 1781 1074 aularri

146 1133 291 1209 volunt;
314 1142 420 1196 contra
438 1133 609 1209 -Hunter,
633 1132 886 1210 Macdonald,
908 1133 1107 1213 Howsbip,
1129 1132 1239 1214 quibus
1262 1133 1354 1196 etiam
1368 1133 1529 1197 Meckel
1542 1135 1593 1218 (1)
1616 1136 1784 1212 assentitur,

147 1260 250 1320 hunc
273 1257 450 1338 sanguinem
473 1257 650 1336 organicum
670 1257 737 1318 lieri
759 1275 927 1339 verumque
947 1255 1017 1317 calli
1040 1255 1266 1320 tundamentum
1289 1259 1564 1322 esseooutenduut.
1594 1259 1784 1324 Periosteum

132 1382 333 1468 'nrrnelieri
355 1399 446 1444 nemo
468 1397 531 1476 uon
553 1381 740 1454 observavit3
770 1380 825 1443 sed
847 1379 899 1444 alii
921 1381 982 1442 hoc
1002 1379 1041 1442 ad
1062 1380 1255 1442 ‘tumendum
1277 1381 1389 1458 callum
1410 1383 1471 1458 nil,
1501 1381 1554 1446 alii
1575 1402 1667 1465 quam
1689 1383 1785 1464 pluri·

125 1497 256 1569 'mum
278 1507 416 1568 counire
439 1510 593 1585 petierunt.
637 1503 764 1566 Accedit
793 1509 856 1566 tum
885 1503 953 1585 ipsa
985 1523 1085 1566 rerum
1108 1523 1216 1566 manca
1243 1511 1274 1566 et
1300 1523 1407 1586 panim
1437 1512 1578 1568 accur-ete
1606 1506 1784 1590 disquisitio,

154 1637 232 1693 turn
260 1629 486 1713 quodquidam
509 1628 694 1692 amotionem
718 1646 774 1708 per
797 1627 1007 1691 adhaesionem
1031 1647 1100 1690 carm
1122 1647 1167 1704 aa,
1190 1647 1267 1710 quae
1289 1628 1324 1690 lit
1345 1649 1401 1710 per
1421 1630 1687 1712 suppurationem,
1710 1651 1784 1705 eon-

156 1755 329 1830 fuderunt,
356 1752 486 1835 indeque
514 1751 681 1832 prolectam
711 1769 779 1814 esse
805 1755 889 1831 patet
910 1751 1088 1814 sententiam
1117 1772 1136 1813 a
1157 1753 1270 1814 Bonn
1291 1759 1363 1818 ete
1384 1771 1455 1816 van
1476 1754 1687 1816 ileckoren
1709 1753 1783 1816 alla

157 1887 250 1955 tom,
271 1893 350 1960 quae
372 1877 452 1939 alios
474 1875 577 1951 etiam
606 1880 641 1938 ut
663 1875 826 1955 Scarpa,
856 1869 1049 1950 beveille,
1079 1876 1222 1955 Royer,
1250 1875 1487 1954 Rioberand,
1514 1876 1654 1940 Biohst
1683 1877 1784 1959 aliquo

86 2002 92 2012 '
159 2005 268 2066 modo
291 2001 411 2064 videtur
433 1999 601 2062 seduxisse.
644 1999 769 2060 &mma
791 2003 889 2060 autem
913 1999 988 2060 baec
1009 1997 1143 2075 lieerct,
1174 1998 1388 2061 informando
1411 1999 1492 2062 callo
1521 1999 1593 2082 quid
1615 2000 1655 2064 sit
1683 2001 1785 2082 perio·

160 2135 249 2204 steo,
271 2125 343 2208 quid
366 2124 428 2187 ossi
450 2123 657 2197 tribuendum
691 2140 751 2204 qua
773 2121 813 2184 de
833 2141 867 2184 re
889 2129 1025 2220 tempore
1047 2127 1120 2202 post
1140 2121 1193 2184 du
1215 2091 1347 2184 H'amel
1375 2123 1516 2204 proximo
1546 2123 1708 2187 sententias
1731 2123 1785 2186 ad-

159 2251 270 2338 versis
291 2249 440 2312 nonnbus
462 2247 520 2310 sthi
542 2265 720 2328 oppugnare
742 2245 888 2326 videmus,
910 2250 982 2325 post
1003 2263 1078 2306 vero
1094 2246 1164 2306 ‘iere
1186 2245 1430 2323 obliterari,·niei
1453 2247 1685 2328 Dupuytreu
1706 2247 1784 2327 lianc

161 2377 257 2440 litem
279 2373 379 2435 denuo
402 2371 584 2435 suscitasset.
629 2370 777 2432 Doctrina
805 2368 1204 2449 innumerositate,
1234 2375 1311 2452 quoe
1339 2370 1371 2432 iu
1402 2369 1543 2432 omuibus
1571 2371 1635 2432 lere
1664 2370 1784 2451 scriptis

163 2498 377 2563 recentiorum
398 2485 486 2578 quasi
506 2502 645 2571 meumst,
678 2493 791 2574 duplici
811 2493 931 2592 *radone
953 2491 1130 2572 grauiam
1151 2499 1212 2567 est;
1245 2493 1390 2574 primum,
1419 2493 1503 2576 quod
1523 2493 1577 2556 ille
1598 2513 1662 2558 nou
1684 2493 1784 2558 solum

163 2625 367 2708 periosteum,
390 2621 444 2683 sed
467 2620 556 2682 etiam
577 2625 680 2699 partes
702 2616 810 2680 molles
834 2607 1013 2694 adjacentes·
1029 2615 1177 2678 demoni
1199 2616 1369 2695 contendit,
1396 2624 1460 2680 tum
1482 2618 1566 2700 quod
1588 2617 1704 2699 primus
1726 2619 1775 2682 do·

165 2750 302 2812 ctrinam
324 2743 363 2808 de
386 2744 466 2807 callo
489 2741 663 2804 transitorio
686 2759 711 2802 s.
735 2739 848 2800 vicario
871 2735 1035 2800 suscitavit.

337 2867 506 2931 Sententiae
536 2865 614 2927 iuter
643 2861 780 2926 seiuniri
803 2867 883 2922 certe
905 2879 968 2922 uon
990 2867 1133 2940 possunt;
1163 2861 1260 2940 agitem
1286 2861 1325 2924 de
1347 2862 1542 2942 dijudicanda
1564 2866 1688 2926 materie
1710 2885 1785 2926 cou-

166 3009 320 3070 troversa,
344 3012 420 3076 quae
443 2987 564 3052 maximi
587 2996 633 3050 est
654 2985 798 3049 momenti
821 2983 859 3046 ad
882 2981 1105 3045 dilucidandam
1128 2985 1297 3064 systematis
1320 2985 1401 3048 ossei
1423 2991 1569 3049 naturam.
1603 2987 1784 3050 hseotioue

170 3120 272 3203 priori
294 3096 387 3197 hujus'
397 3113 547 3196 'opusculi
569 3111 774 3193 exposuimus,
789 3107 952 3191 ,quomodo
975 3107 1159 3187 periosteum
1182 3107 1222 3167 ad
1243 3109 1370 3190 primam
1387 3109 1501 3172 ossium
1513 3111 1784 3174 conformationem

149 3249 244 3309 'sese
267 3241 389 3317 babeatp
411 3259 493 3302 nunc
515 3237 677 3320 quaeritur,
699 3239 799 3295 utrum
822 3230 988 3295 seeundum
1010 3237 1135 3292 nsotrae
1157 3231 1241 3311 leges
1263 3233 1329 3295 lieri
1350 3234 1455 3314 possit,
1478 3239 1512 3296 ut
1533 3235 1716 3315 penosteum
1737 3237 1783 3298 in.

173 3373 359 3432 flammatum
382 3365 413 3427 in
437 3380 556 3426 osseam
579 3357 774 3422 substantiam
796 3355 898 3430 abeam
927 3355 958 3415 id
981 3354 1064 3436 quod
1086 3353 1344 3437 disquisitionibus
1365 3357 1523 3422 Weberi
1550 3359 1629 3422 effici
1651 3359 1784 3432 videtum

174 3492 376 3564 Breschet,
399 3478 590 3550 Villerme
613 3471 643 3545 e't
666 3482 826 3560 Meding
846 3479 1000 3542 malonem
1023 3485 1137 3540 teritum
1159 3479 1323 3561 plasticam,
1345 3499 1424 3562 quae
1446 3501 1463 3545 e
1485 3484 1644 3562 superficie
1666 3483 1783 3546 interna

175 3616 321 3704 periostei
344 3611 524 3685 exsudetur,
561 3607 709 3670 ossillcari
737 3611 857 3685 putant,
890 3623 983 3684 mam
1011 3621 1086 3664 vero
1112 3621 1244 3684 unquam
1271 3604 1303 3664 in
1332 3623 1451 3666 osseam
1479 3605 1673 3669 substantiam
1700 3607 1783 3670 abire

178 3747 273 3809 Scor
279 3759 325 3821 pa
347 3735 470 3800 omnino
492 3739 590 3813 negat.
638 3729 745 3790 Altera
764 3737 811 3788 est
832 3727 976 3808 quaestio,
999 3733 1100 3786 utrum
1113 3745 1221 3786 revera
1242 3727 1350 3790 existat
1371 3727 1512 3790 formatio
1534 3728 1717 3792 subeundae
1731 3749 1782 3794 os·

178 3889 266 3944 scae,
300 3861 419 3946 qualem
442 3859 674 3937 Dupuytren
696 3851 761 3912 lieri
789 3849 874 3924 dicit,
910 3848 1092 3930 temporaria
1120 3867 1145 3908 s.
1174 3847 1361 3926 provisoris,
1394 3867 1433 3909 au
1463 3849 1578 3924 minum
1610 3850 1637 3914 si
1666 3851 1781 3927 existat

178 4009 326 4078 qiraenam
350 3987 416 4065 ejus
439 3982 477 4045 sit
498 3987 613 4052 natura,
636 3993 714 4058 quac
735 3973 830 4036 ratio?
853 3973 922 4034 lloo
936 3989 1056 4053 quoque
1079 3989 1167 4052 mam
1190 3969 1320 4034 nmine
1341 3969 1466 4034 dubium
1487 3979 1541 4049 est,
1563 3979 1663 4036 utrum
1682 3975 1781 4056 ipsum

180 4139 217 4184 os
239 4117 424 4179 immutatum
447 4111 580 4180 nraueat,
603 4121 642 4164 an
665 4097 831 4162 emollitum
854 4095 1043 4176 resorptiooe
1065 4093 1261 4170 rotundetur,
1283 4094 1430 4172 tabescat,
1453 4115 1490 4158 au
1514 4096 1643 4180 denique
1664 4098 1783 4164 laxetur

181 4255 270 4328 atque
291 4235 432 4302 trinrellat.
1485 4218 1493 4226 '

342 4359 387 4420 Ex
409 4355 476 4418 sola
498 4353 593 4434 ipsios
615 4357 740 4412 naturae
762 4343 869 4408 sedula
896 4342 1106 4406 observatione
1129 4351 1218 4424 atque
1248 4341 1441 4422 indagatione
1465 4343 1528 4423 peti
1557 4351 1670 4426 potest,
1699 4349 1782 4428 quod

181 4498 280 4558 lucem
302 4485 348 4548 his
370 4479 460 4542 rebus
485 4475 618 4537 adtendat
639 4475 780 4552 litemque
803 4468 933 4538 diuum
960 4468 1019 4528 boo
1041 4466 1158 4528 venum
1180 4464 1252 4526 milai
1273 4464 1442 4544 impetrabit
1463 4485 1576 4532 novam
1596 4469 1782 4550 experimen.

183 4631 282 4680 torum
305 4607 413 4672 seriem
436 4606 482 4662 tot
503 4599 577 4672 aliis,
600 4615 678 4678 quae
699 4597 858 4657 marmora
879 4589 1040 4662 animantia
1059 4591 1125 4668 jem
1147 4587 1238 4650 moni
1261 4588 1416 4666 dedmuut,
1439 4590 1569 4656 addenti.

272 4803 275 4815 1
343 4731 461 4793 ilaecoe
484 4721 687 4802 experimenta
708 4725 742 4779 ut
764 4717 926 4798 plurimum
949 4712 1062 4774 institui
1084 4713 1117 4774 in
1143 4711 1292 4776 mnimlia
1321 4711 1444 4789 nuos,
1473 4731 1566 4795 quoa,
1595 4712 1690 4781 tracta
1711 4715 1783 4780 tibia

184 4901 502 4932 ..--——---·

346 4993 385 5064 (t)
405 4991 554 5051 electe-l,
574 4987 642 5052 path.
661 4985 809 5046 Anatomic,
826 4991 889 5033 torn.
909 4981 946 5034 ll.
965 4991 1027 5034 sect.
1047 4979 1073 5030 2.
1091 4993 1117 5045 p.
1136 4977 1182 5034 tlt.
