4768 5894
935 521 1013 598 aaa

177 751 308 816 corpore
330 732 429 800 alieno
452 733 620 814 contingat,
641 751 725 798 mera
745 730 939 794 inflammatio
963 730 1139 794 exsudativa
1160 729 1288 796 existere
1309 731 1342 796 iu
1364 750 1400 794 ee
1422 740 1563 824 nequent,
1591 751 1689 815 eoque
1711 733 1766 796 mi-

176 879 249 935 nus,
278 850 340 942 quo
362 857 457 938 magis
479 857 598 920 exculta
620 863 666 920 est
687 856 813 919 telarum
835 855 1019 936 organisatio
1041 855 1091 918 vel
1113 875 1173 938 quo
1196 855 1303 918 altiore
1323 854 1396 920 loco
1419 855 1529 918 animal
1550 856 1582 918 in
1604 857 1681 918 serie
1704 857 1768 918 nui-

176 981 321 1046 mentinm
349 980 532 1044 collocatum
561 991 615 1044 est.
668 981 787 1063 Quodsi
813 1000 870 1061 per
898 985 993 1043 totam
1015 959 1179 1044 crassitiem
1202 999 1237 1044 os
1260 985 1428 1043 emortuam
1451 989 1531 1044 esset
1553 980 1682 1062 ideoque
1704 987 1770 1043 tan·

177 1125 266 1188 quam
296 1124 409 1186 corpus
438 1105 569 1168 alienum
596 1105 671 1168 telas
694 1105 840 1182 efficeret,
862 1123 945 1166 mera
967 1103 1124 1168 exsudatio
1147 1104 1292 1185 plastica,
1313 1103 1440 1188 'qualem
1462 1104 1591 1168 existere
1615 1104 1770 1185 ingeniose

177 1229 235 1292 sibi
254 1231 386 1307 Boyer
407 1229 548 1304 tinxerat,
578 1229 704 1296 existere
726 1225 849 1290 omnino
871 1246 934 1289 non
956 1235 1075 1309 posset,
1104 1228 1159 1292 sed
1181 1229 1427 1310 suppurationem
1449 1228 1522 1292 oriri
1545 1235 1707 1310 oporteret.
1727 1261 1769 1276 —

178 1353 246 1416 lloc
264 1355 328 1432 jam
351 1353 500 1433 Scarpa
522 1359 551 1415 et
573 1343 769 1428 Leveillis,
790 1370 848 1413 usn
870 1356 900 1414 et
923 1351 1106 1432 experientia
1129 1352 1226 1429 ducti,
1249 1353 1435 1432 objecerunt.
1479 1352 1541 1416 Sed
1562 1358 1596 1414 ut
1618 1353 1658 1415 ad
1679 1371 1771 1432 expe-
1878 1404 1880 1415 ,
1951 1391 1955 1398 -

179 1477 372 1538 rimentorum
394 1493 519 1538 examen
535 1447 675 1552 redeam,
697 1475 761 1555 ipsc
785 1474 1038 1541 Graveilhier
1060 1475 1112 1558 (l)
1135 1477 1167 1538 in
1189 1475 1345 1553 cuniculo,
1368 1477 1520 1540 destructa
1541 1476 1689 1553 medulla,
1711 1495 1770 1557 pus

178 1601 257 1664 inter
284 1619 319 1663 os
348 1606 378 1662 et
399 1598 583 1679 perinsteum
605 1598 718 1662 effundi
739 1611 838 1682 neque
859 1617 933 1662 vero
955 1619 1069 1662 nomam
1089 1619 1125 1664 os
1147 1601 1286 1681 geuemri
1306 1600 1406 1676 vidit;·
1423 1621 1520 1684 neque
1543 1601 1641 1664 minus
1663 1600 1695 1663 iu
1716 1619 1770 1662 sex

179 1724 319 1801 canibus,
347 1723 452 1787 endem
473 1723 590 1786 ratione
610 1722 788 1800 vulnerans,
815 1743 873 1803 pus
895 1723 973 1786 inter
995 1731 1086 1813 os'et
1105 1724 1290 1806 periostenm
1313 1725 1455 1802 effusum,
1482 1745 1580 1788 novae
1602 1744 1676 1786 vcro
1699 1723 1770 1786 sub-

177 1848 305 1914 stantiae
326 1865 432 1912 osseae
454 1865 493 1908 ex
513 1847 665 1927 periosteo
687 1849 823 1928 profecta
844 1847 888 1910 nil
910 1847 1071 1930 quidquem
1093 1847 1217 1924 invenit;
1240 1848 1378 1930 idemque
1397 1850 1462 1928 jam
1491 1848 1638 1912 Koeler
1660 1846 1711 1924 θ)
1739 1847 1771 1908 in

179 1971 297 2037 duobus
310 1971 433 2034 canibus
446 1970 631 2034 observarat.
664 1972 768 2054 ltaque
780 1970 1029 2034 Cruveilhier
1050 1972 1091 2036 ita
1102 1972 1269 2051 arbitratur,
1290 1971 1334 2034 nil
1357 1971 1438 2036 eliud
1461 1991 1500 2034 ex
1520 1973 1577 2034 hec
1585 1992 1621 2034 re
1632 1970 1785 2034 concludi.

178 2097 286 2174 licere,
309 2115 398 2179 quam
421 2114 459 2156 ex
480 2094 647 2175 periosteo,
669 2095 701 2158 si
723 2115 821 2176 pure
843 2072 1112 2176 contingatur,
1134 2115 1171 2160 os
1192 2116 1307 2160 novum
1327 2095 1466 2177 generari
1487 2116 1552 2158 non
1572 2115 1671 2177 posse,
1695 2094 1771 2158 obli-

179 2233 227 2286 tas
249 2221 378 2296 scilicet,
400 2219 432 2281 id
452 2239 604 2302 nunquam
626 2237 690 2283 non
711 2217 795 2296 lieri,
815 2218 841 2282 si
865 2237 901 2282 os
923 2225 1095 2300 pertatem
1117 2220 1282 2284 crassffiem
1304 2227 1473 2286 emortuum
1495 2226 1549 2288 est.
1595 2223 1696 2301 Quum
1718 2238 1772 2280 au·

182 2353 238 2410 tem
259 2345 467 2427 phaenomena
488 2342 728 2408 inflammationis
746 2343 939 2406 exsudativac
952 2343 1030 2404 iuter
1044 2361 1080 2405 os
1096 2348 1126 2406 et
1138 2343 1323 2424 periostenm
1345 2362 1451 2406 revera
1472 2343 1647 2425 saepissime
1669 2343 1772 2406 obser-

179 2481 250 2536 vata
278 2470 351 2548 sint,
378 2468 410 2530 id
438 2467 525 2552 quasi
552 2465 828 2548 postulaturum
856 2466 1001 2530 mansisse
1024 2471 1149 2529 stratum
1172 2467 1251 2531 ossis
1273 2474 1437 2532 externum.
1463 2501 1504 2516 -
1549 2468 1586 2532 ld
1607 2467 1690 2550 quod
1714 2465 1774 2528 alin

179 2596 268 2658 ctiam
289 2614 324 2658 re
346 2592 568 2671 comprobatur.
614 2590 815 2654 Observatum
837 2590 916 2652 enim
937 2609 956 2650 a
978 2590 1093 2652 cunctis
1116 2597 1168 2667 est,
1190 2609 1302 2652 novam
1324 2592 1519 2655 substantiam
1542 2611 1661 2656 osseam
1678 2591 1773 2670 initio,

179 2720 353 2800 priusquam
363 2714 518 2786 manifeste
530 2719 694 2795 appareant
705 2711 904 2792 separationis
925 2711 1018 2790 initia,
1041 2717 1124 2774 arcte
1147 2731 1184 2774 ac
1202 2712 1326 2775 tirmiter
1347 2715 1509 2777 cohaerere
1532 2736 1602 2778 cum
1613 2715 1772 2797 superficie

181 2840 259 2906 ossis
288 2838 414 2912 veteris;
443 2844 474 2898 at
501 2855 575 2900 vern
605 2837 664 2900 hoc
685 2855 775 2919 quam
797 2835 925 2898 maxime
947 2833 1078 2900 alienum
1100 2834 1206 2898 est'ab
1229 2835 1372 2917 opinione
1393 2833 1515 2915 eorum,
1543 2839 1594 2920 qui
1617 2846 1771 2900 externam

180 2963 369 3048 superficiem
391 2968 557 3026 emortuam
579 2968 609 3022 et
630 2977 688 3042 pro
713 2979 843 3042 corpore
865 2960 944 3023 vitae
967 2965 1099 3040 experte,
1121 2958 1230 3035 alieno,
1252 2959 1373 3024 hebent.
1417 2961 1508 3044 Quod
1531 2961 1692 3042 Meding
1715 2960 1768 3038 (3)

180 3097 211 3154 et
232 3089 392 3152 Kartum
415 3084 466 3170 (t)
489 3105 581 3168 quum
602 3084 803 3149 intellexerint
823 3085 882 3150 sibi
903 3084 1036 3162 obstare,
1058 3103 1122 3148 non
1142 3085 1226 3166 prius
1249 3086 1343 3148 emori
1365 3105 1402 3148 os
1423 3091 1525 3163 vatus,
1547 3105 1637 3168 qnam
1660 3087 1772 3148 lorma·

180 3221 245 3278 tum
266 3213 305 3278 sit
325 3229 452 3289 novum,
474 3210 672 3284 contendnnt;
695 3229 772 3292 qaae
794 3209 898 3290 opinio
920 3229 1047 3291 prorsus
1069 3208 1225 3272 arbitraria
1246 3217 1300 3288 est,
1323 3214 1352 3272 et
1372 3209 1433 3272 boc
1453 3209 1561 3288 solam,
1584 3229 1645 3294 quo
1668 3209 1774 3272 sulcia-

181 3347 238 3416 tur,
259 3337 355 3414 habet,
377 3335 459 3417 qnod
481 3334 632 3415 separatio
653 3341 717 3396 tum
738 3333 866 3414 primum
888 3333 1044 3396 manifeste
1067 3334 1163 3398 oculis
1186 3332 1329 3412 obtentur,
1351 3354 1444 3418 quum
1457 3337 1527 3417 ¹jam
1550 3337 1629 3398 lacta
1651 3340 1696 3396 est
1716 3351 1774 3396 no-

180 3483 237 3526 vae
258 3458 440 3526 substantiae
462 3477 569 3521 osseae
591 3457 738 3534 formatio,
759 3476 858 3540 neque
880 3463 968 3520 antea
987 3457 1097 3525 limites
1118 3459 1253 3522 necrosis
1277 3459 1413 3540 aquosa
1434 3466 1574 3542 possunt;
1596 3457 1651 3522 sed
1671 3476 1774 3521 veram

181 3594 281 3652 umen
301 3585 522 3668 perfectamque
543 3582 684 3646 necrosin
705 3581 799 3644 multo
818 3582 883 3661 jam
903 3581 988 3662 prius
1010 3582 1127 3664 adesse,
1149 3603 1240 3666 quam
1261 3584 1411 3664 separatio
1433 3583 1486 3646 illa
1508 3588 1665 3663 appareat,
1686 3579 1774 3644 sicci

181 3721 228 3776 tas
257 3709 335 3774 ossis
363 3713 394 3770 et
422 3707 510 3770 color
537 3708 604 3787 ejus
631 3711 777 3781 mutatus,
806 3723 882 3786 quae
909 3703 941 3766 in
967 3706 1088 3770 necrosi
1112 3713 1234 3768 externa
1256 3705 1469 3784 observantur,
1498 3711 1656 3787 antequam
1677 3703 1772 3766 ullum

183 3832 381 3918 separationis
404 3830 561 3911 vestigium
582 3829 753 3910 percipitur,
775 3828 931 3890 manifeste
954 3829 1074 3890 doceat.

185 4173 314 4226 eellulosa
331 4173 380 4220 sub
397 4179 458 4222 cute
472 4167 607 4233 jacentem
625 4175 651 4217 et
668 4168 776 4228 capsula
793 4181 884 4216 reeens
902 4175 957 4215 orta
975 4174 1045 4215 arcte
1063 4164 1249 4215 circumdatam
1267 4166 1443 4230 deprebeudi;
1462 4166 1543 4216 simul
1557 4167 1772 4236 mteaeuugut·

186 4280 251 4314 ansa
274 4275 387 4320 caseosa,
405 4273 472 4322 quae
490 4261 606 4320 speeiem
623 4259 697 4318 puris
716 4255 902 4305 cuniculorum
918 4256 1018 4315 proprii
1036 4255 1194 4318 exhibebat,
1213 4255 1277 4304 lans
1293 4258 1397 4315 perlusa
1414 4263 1441 4304 et
1459 4255 1574 4305 abducta
1591 4263 1653 4305 erat.
1687 4253 1772 4321 Majo-

185 4351 329 4412 temptaris
346 4349 448 4408 copiam
467 4355 527 4396 ante
545 4349 681 4408 adluisse,
699 4345 761 4394 binc
779 4343 961 4411 colligendum
979 4353 1053 4408 erat,
1071 4345 1154 4408 qnod,
1174 4359 1259 4412 quun
1272 4343 1430 4408 jamdudum
1448 4352 1534 4396 tumor
1559 4346 1772 4398 inflammatorins

185 4446 299 4494 nactum
316 4439 444 4488 excitatus
463 4435 647 4498 disparuisset,
664 4436 811 4484 distinctior
827 4434 877 4482 illa
895 4435 1077 4496 tumescentia,
1096 4435 1195 4482 circum
1212 4435 1301 4482 lanam
1319 4443 1425 4498 exorta,
1452 4435 1542 4498 allqno
1569 4443 1685 4496 tempera
1710 4443 1772 4484 ante

187 4533 272 4582 multa
284 4524 375 4592 major,
395 4539 473 4589 quam
492 4531 584 4572 necato
602 4524 736 4586 cuniculo,
755 4529 918 4584 apparuerat.
954 4522 1101 4571 Verisimile
1119 4529 1159 4570 est
1174 4521 1293 4572 lunarum
1311 4523 1400 4587 luisse,
1417 4531 1449 4574 nt
1466 4532 1519 4574 tota
1537 4527 1609 4585 puris
1628 4527 1667 4574 vis
1684 4539 1766 4574 reson

185 4623 292 4670 beretur
309 4627 336 4668 et
351 4615 414 4665 lana
431 4613 553 4664 cicatrice
571 4609 673 4660 inclusa
692 4612 730 4660 nil
747 4613 860 4673 amplius
878 4612 1028 4662 detrimenti
1044 4611 1162 4662 hiemet.

346 4699 664 4772 (l)cauret1hie=1.
683 4714 707 4750 c.
726 4707 788 4756 tona.
807 4703 842 4751 ll.
862 4715 888 4762 p.
905 4699 952 4754 36.

346 4791 387 4860 (2)
406 4790 553 4842 Kneler.
571 4789 593 4839 l.
611 4803 634 4842 a.
654 4789 766 4847 exp.v1
784 4797 810 4838 et
827 4791 887 4848 vlt,

348 4875 394 4950 (³)
412 4879 569 4940 Medtup,
586 4878 607 4932 l.
627 4891 651 4931 e.
669 4887 696 4936 p,
714 4873 776 4929 411.

346 4967 564 5038 (atilanum,
581 4967 602 5020 t.
620 4983 644 5019 c.
662 4975 689 5026 a.
708 4963 752 5020 tt
