4768 5894
944 555 1030 630 255¹

182 770 238 828 eet.
280 763 353 841 Eae,
374 768 554 850 quamquam
575 764 821 846 mteruaepem'e
841 765 1025 846 magnopere
1047 764 1126 827 iuter
1144 783 1179 828 se
1201 763 1412 846 discrepantes,
1434 764 1508 826 haec
1525 769 1626 828 umen
1647 782 1783 828 mmm·

181 889 233 952 nia
254 889 376 952 habeut:
412 893 516 954 omues
538 891 627 954 recta'
643 891 681 954 ad
702 897 894 972 secessu-em·
910 888 1089 970 peducunt
1119 908 1157 951 ac
1186 888 1364 970 plerumque
1389 907 1446 970 per
1464 889 1591 952 decim
1611 887 1789 954 mulum·

181 1033 250 1076 mm
271 1019 397 1078 externo
420 1013 523 1097 aliquo
543 1015 645 1078 ulcere
667 1016 846 1093 conjunctae
867 1011 952 1086 eunti
981 1013 1157 1079 membrana
1175 1033 1233 1095 pue
1255 1033 1431 1089 secernens,
1467 1031 1546 1095 quae
1566 1013 1648 1076 intus
1668 1031 1783 1078 notu

181 1139 219 1200 oa
239 1136 376 1214 obveetit,
398 1139 546 1218 margines
567 1157 671 1200 aarum
693 1137 819 1200 obtusos
842 1137 964 1200 obducit
985 1143 1019 1199 et'
1036 1137 1105 1198 hinc
1126 1137 1158 1200 ia
1180 1137 1383 1200 membranam
1405 1137 1513 1200 duetus
1531 1135 1669 1213 fistuloai,
1692 1155 1783 1218 quin

181 1261 252 1336 dixi,
273 1259 476 1324 continuatur.
518 1263 620 1345 ltaque
642 1262 690 1325 hic
712 1281 815 1324 carum
837 1279 909 1325 usus
932 1267 987 1340 eat,
1010 1269 1046 1322 ut
1066 1281 1133 1341 pus,
1155 1262 1237 1344 quod
1260 1262 1405 1326 continuo
1426 1261 1508 1324 intus
1530 1259 1706 1338 mount,
1729 1279 1784 1324 ex·

182 1387 360 1467 tca'corpus
383 1385 452 1464 ejici
474 1386 581 1466 possit.
1077 1407 1082 1414 ·

340 1509 494 1589 originem
516 1509 688 1602 cloacarum
709 1508 795 1570 vario
817 1508 909 1571 modo
932 1508 1096 1589 scriptores
1119 1509 1269 1590 explicare
1291 1509 1392 1592 conati
1416 1515 1501 1586 sunt,
1536 1507 1653 1572 duales
1681 1513 1782 1572 nmen

181 1633 308 1694 maome
330 1632 496 1695 rationibus
517 1633 778 1712 rcmjudicmtes·
811 1631 873 1694 Alii
895 1631 1106 1695 deficiente
1125 1651 1250 1696 novae
1272 1632 1518 1696 substantiae
1540 1650 1684 1696 osseae
1703 1632 1780 1694 roe

181 1755 352 1818 matione
374 1775 427 1818 eas
449 1757 522 1818 oriri
543 1757 722 1835 volumen,
745 1757 873 1839 ejaisque
892 1775 1015 1820 caesana
1037 1777 1095 1838 pro
1121 1758 1280 1838 singulari,
1302 1775 1392 1840 quam
1420 1757 1546 1840 quisque
1574 1756 1613 1819 de
1633 1773 1783 1836 precem

181 1879 416 1958 regenerationis
437 1879 625 1962 sequebatur,
647 1881 801 1956 sententia,
823 1879 873 1942 vel
895 1881 926 1942 iu
947 1881 1144 1947 exsudatione
1166 1881 1250 1944 mcci
1271 1881 1352 1944 ossei
1374 1879 1502 1962 agulis
1521 1880 1599 1947 locis
1619 1878 1781 1945 deficiente

182 2001 350 2086 (Troja),
382 2002 433 2066 rel
454 2004 485 2066 in
514 2003 698 2067 ιιιοοιιιὶοιιι
720 2011 750 2066 et
778 2003 980 2074 destmctiom
1003 2005 1145 2086 pariostei
1168 2005 1320 2080 (David,
1350 2005 1594 2080 Weidm‘aun‚
1621 2006 1780 2084 Boyer),

181 2127 231 2190 vel
252 2127 283 2190 iu
304 2127 364 2190 laoc
385 2125 515 2210 denique
537 2134 711 2209 posueruut,
734 2128 819 2211 quod
840 2127 953 2210 passim
975 2148 1012 2191 oe
1033 2101 1090 2209 pei·
1110 2136 1205 2192 totana
1230 2129 1396 2192 cremitiern
1422 2137 1593 2192 moamum
1622 2127 1662 2190 sit
1681 2144 1780 2210 ecqua

183 2253 247 2334 ipso
270 2253 439 2332 regenerari
460 2269 517 2333 per
537 2253 751 2333 expansionem
784 2261 913 2334 nequeat
941 2252 1131 2335 (Scarpa).
1182 2253 1244 2316 Alii
1272 2260 1379 2319 conon
1406 2253 1479 2316 vim
1502 2251 1780 2328 corrodentem,

185 2374 230 2438 vel
251 2384 499 2456 prementem,
517 2377 570 2440 'vel
592 2375 654 2439 alio
676 2375 768 2440 modo
791 2375 1006 2440 irritantem
1036 2376 1145 2458 puris
1174 2384 1265 2458 post
1293 2383 1517 2458 separatum
1537 2377 1780 2459 sequestrem

181 2501 323 2566 secreti
345 2506 459 2584 atquc
481 2501 664 2582 congesti
686 2509 836 2577 accusant,
858 2510 920 2583 que
942 2501 1003 2578 liat,
1021 2509 1057 2562 nt
1079 2501 1249 2582 parietes
1270 2501 1362 2564 novi
1390 2501 1494 2564 casis
1513 2502 1592 2579 jam
1612 2497 1780 2582 perlecti

179 2623 388 2705 paullatim
416 2631 719 2705 perrumpentes·
747 2622 920 2702 (lieelar,
947 2623 1086 2702 liimly,
1114 2618 1307 2700 Leveillie,
1336 2624 1573 2703 Richerand,
1594 2622 1780 2698 Jaurdan,

181 2747 350 2826 Mading,
372 2747 543 2822 Kortum,
564 2745 799 2826 Bannerth>.'

339 2869 591 2951 Suppuratiouena
612 2869 644 2932 in
665 2868 831 2932 formandis
853 2867 966 2932 cloacis
988 2868 1109 2930 arnoni
1131 2868 1273 2931 momenti
1296 2889 1379 2949 esse,
1400 2869 1451 2932 vel
1473 2869 1543 2930 iude
1565 2869 1671 2945 elucet,
1692 2865 1781 2948 qnod

181 2993 304 3056 doacae
325 2993 357 3056 in
379 2993 415 3056 iis
437 2999 552 3056 mutum
574 2991 751 3060 mimmius
773 2993 1043 3074 deprehenduntur,
1066 2993 1097 3054 in
1119 2993 1228 3074 quibus
1249 2993 1407 3056 manifesta
1427 2993 1778 3072 obsmaamsupptma·

181 3117 239 3192 tio,
273 3117 301 3179 ln
326 3137 352 3180 c.
380 3117 412 3180 in
440 3117 660 3192 mummolinus,
694 3117 724 3178 in
748 3101 962 3193 avibus'vero,
996 3117 1028 3178 ira
1050 3113 1158 3198 quibua
1179 3117 1254 3179 haee
1274 3117 1322 3178 vel
1345 3137 1470 3198 prorsus
1493 3117 1578 3180 deest
1597 3114 1648 3178 vel
1668 3133 1779 3196 pamm

181 3241 344 3323 conspicua
371 3247 429 3318 est,
462 3259 588 3322 prorsus
621 3240 836 3304 desiderantur.
893 3241 1032 3302 Attamen
1061 3241 1088 3302 si
1115 3241 1240 3302 eandem
1263 3241 1571 3304 alcmeonem
1593 3238 1780 3320 effingendaa

182 3365 405 3446 suppurationis
427 3363 487 3426 vina
511 3383 578 3426 csse
599 3365 714 3440 credas,
735 3383 846 3445 magno
862 3385 974 3428 ‘errore
994 3364 1147 3440 inetiarea
1169 3365 1283 3446 duplex
1304 3366 1384 3428 enim
1397 3365 1575 3430 *accuratius
1597 3361 1779 3428 examinanti

182 3487 368 3550 formationis
388 3496 515 3568 apparet
542 3487 634 3565 ratio,
666 3487 747 3550 rmde
774 3489 838 3551 duo
868 3489 1039 3552 cloacarum
1067 3458 1179 3569 genera
1207 3489 1414 3570 distinguenda
1443 3499 1528 3567 sunt,
1562 3495 1685 3552 eamme
1699 3489 1779 3564 ,jaan

182 3612 283 3692 specie
303 3611 376 3674 satie
389 3607 477 3673 'inter
495 3631 531 3672 se
552 3611 698 3688 ιιίιιιιιοιι,
720 3613 828 3695 quibus
850 3614 928 3676 inter
948 3633 982 3676 se
1005 3612 1160 3694 permixtis
1181 3614 1246 3676 sine
1269 3613 1361 3677 dubio
1375 3615 1542 3678 mun-ariae
1565 3613 1636 3674 illae
1657 3610 1696 3671 de
1710 3608 1776 3670 tou-

183 3735 314 3797 matione
334 3733 466 3815 ipsamet
488 3741 651 3798 sententiae
673 3735 857 3800 exstiterunt

341 3857 429 3921 Prior
451 3858 622 3920 cloacarum
653 3859 768 3939 species
798 3879 835 3920 eo
863 3859 990 3920 inaximo
1019 3858 1191 3937 insignitur,
1221 3859 1321 3940 quod
1350 3864 1564 3940 sequester
1591 3877 1635 3920 ea
1655 3860 1775 3937 parte,

183 4003 281 4068 quae
312 3983 479 4046 cloacae
502 3975 673 4046 obversa
695 3991 768 4057 est,
796 3981 968 4063 glabram
991 3969 1239 4063 superficiem
1262 3982 1450 4058 ostendite
1481 3981 1654 4064 ceteroquin
1675 3997 1776 4063 neque

184 4110 295 4185 forma,
327 4127 426 4192 neque
448 4108 665 4189 magnitudine,
694 4127 791 4190 neque
814 4127 954 4183 numero,
983 4126 1080 4189 neque
1103 4107 1232 4189 denique
1254 4107 1335 4188 quod
1358 4107 1396 4168 ad
1419 4107 1507 4170 situm
1529 4105 1666 4188 perpetui
1686 4102 1775 4187 quid-

184 4251 273 4315 quam
301 4231 449 4296 exhibent
500 4231 846 4316 eremus-toranus
863 4232 995 4292 referum
1016 4232 1080 4294 sive
1103 4231 1189 4313 quasi
1211 4231 1354 4294 fenestrae
1376 4239 1423 4294 sat
1444 4249 1594 4312 magnas,¹
1610 4231 1773 4294 subreton·

184 4357 239 4419 das
260 4354 309 4417 vel
332 4361 453 4434 ovatae,
476 4357 590 4418 loa-mae
612 4355 800 4438 irregularis,
820 4373 855 4417 os
878 4373 983 4416 recens
1004 4356 1208 4435 perior-entes,
1237 4353 1422 4434 longitudine
1444 4375 1607 4436 paucerum
1627 4355 1776 4418 linearum

184 4480 233 4544 vel
254 4478 386 4560 plurium
407 4478 562 4560 pollicum,
585 4499 798 4563 nonnunquam
821 4478 908 4541 etiam
931 4477 1020 4540 rimas
1044 4477 1200 4558 oblongas,
1222 4477 1288 4558 ipsa
1309 4479 1428 4541 necrosi
1449 4480 1501 4543 vix
1522 4481 1693 4560 breviores3
1716 4477 1773 4538 du·

186 4611 252 4670 ctus
282 4603 410 4665 fistulosi
432 4619 470 4663 ex
493 4601 528 4663 iis
552 4602 775 4682 proficiscentes
807 4603 918 4665 ambitu
941 4601 1013 4682 ipsis
1036 4601 1116 4662 hand
1138 4601 1336 4682 respondent,
1366 4603 1419 4666 sed
1441 4603 1655 4686 utplurimum
1677 4599 1773 4666 manlio

186 4729 318 4792 minores
340 4734 423 4803 sunt,
445 4743 660 4808 nonnunquam
682 4727 786 4800 etiam,
808 4732 919 4808 quippe
941 4725 1049 4788 seriori
1072 4725 1168 4788 morbi
1191 4733 1325 4807 tempore
1347 4728 1482 4804 connati,
1505 4747 1631 4808 prorsus
1652 4723 1769 4788 deside-

188 4859 304 4926 rantum
328 4849 410 4932 quod
432 4849 459 4913 si
480 4846 632 4926 evenerit,
653 4848 824 4912 membrana
846 4849 1000 4932 quaedam,
1023 4869 1100 4934 quae
1123 4849 1160 4912 ab
1183 4849 1277 4912 altera
1298 4851 1435 4932 partein
1457 4850 1646 4932 pecioetcuua,
1667 4849 1704 4915 ab
1727 4849 1773 4911 al·
