4768 5894
1380 533 1460 608 alu

620 743 765 823 saugosae
793 742 825 806 in
852 741 988 824 pambas
1009 739 1153 806 nouum
1175 739 1311 804 nascenti
1331 740 1531 822 respondean
1560 740 1592 802 in
1621 739 1747 802 oirudtu
1768 739 1953 821 perlectam
1974 741 2167 806 masana
2185 751 2215 808 et

621 866 699 930 inter
720 867 780 930 boc
799 866 959 948 ipsumque
981 883 1017 928 os
1038 883 1122 926 nova
1141 863 1307 928 munaum
1327 883 1431 942 oasee,
1453 882 1578 943 magnas
1599 881 1691 944 saepe
1713 869 1870 926 eaostosas
1892 864 2053 944 emm,
2075 865 2215 930 aad&

620 989 778 1070 reperitur.
830 990 932 1070 ltaque
959 987 991 1048 in
1020 987 1101 1053 carie
1128 987 1231 1050 omnia
1258 986 1367 1050 adsum
1394 989 1602 1068 phaenomena
1631 983 1799 1066 generalia,
1835 1000 1913 1068 qaae
1940 985 1973 1048 ia
2002 989 2216 1068 suppra-atione

619 1129 694 1174 sana
716 1129 862 1192 apparere
882 1109 1025 1184 vidaon
1048 1119 1082 1172 ut
1103 1112 1235 1190 Boyer
1251 1109 1314 1185 (l),
1335 1115 1473 1172 naturam
1495 1108 1587 1172 casdei
1609 1108 1648 1170 ab
1670 1108 1809 1172 omnibau
1829 1109 1966 1190 partibus
1986 1108 2084 1172 latare
2105 1111 2213 1190 dicma,

619 1233 800 1315 plusquam
822 1232 908 1296 decet
928 1232 1032 1312 laaqiri
1054 1233 1203 1296 videntur.
1246 1231 1371 1294 lotitiam
1394 1231 1514 1314 quidem
1536 1231 1655 1314 nequit,
1683 1231 1773 1312 plora
1793 1231 1919 1294 mrliere
1941 1231 2011 1295 luce
2033 1233 2132 1296 adbuc
2152 1233 2215 1298 col·

618 1355 773 1418 lustranda
797 1375 879 1430 esse3
909 1355 1071 1436 generatim
1094 1375 1168 1416 vero
1191 1361 1395 1434 spectabere,
1418 1355 1529 1416 cariem
1551 1354 1630 1416 idem
1653 1354 1840 1434 significare,
1863 1353 1946 1438 quod
1966 1357 2150 1444 suppuratio¹
2169 1374 2216 1420 ua·

619 1479 705 1554 sium,
728 1499 784 1560 pro
807 1487 890 1541 certo
913 1477 1015 1539 haberi
1037 1483 1146 1557 polest.

777 1603 878 1664 Prima
907 1621 944 1664 os
975 1601 1056 1662 carie
1085 1605 1257 1680 correptum
1284 1597 1487 1662 consideranti
1515 1581 1625 1676 baeooe
1648 1597 1744 1661 oritur
1766 1598 1918 1682 quaestio,
1948 1618 2076 1683 quanam
2099 1601 2216 1666 ratione

618 1725 648 1785 in
673 1724 863 1786 lroemorbo
885 1723 1050 1786 substantia
1072 1741 1162 1785 ossen
1184 1722 1368 1800 destruatur,
1391 1721 1443 1805 qui
1465 1722 1524 1798 fiat,
1542 1729 1580 1784 ut
1602 1723 1789 1802 suppuratio,
1809 1728 1918 1786 natura
1939 1741 1997 1786 sua
2014 1741 2123 1789 novam
2144 1722 2217 1786 sub-

617 1847 756 1910 stantiam
778 1847 931 1926 effingens,
952 1845 984 1907 in
1007 1845 1219 1910 destructivam
1240 1860 1416 1926 processum
1438 1844 1543 1907 abeat?
1561 1837 1777 1926 'comparanda
1797 1845 2217 1926 omisimuloerepartium

618 1969 754 2034 mollium
781 1967 867 2035 nulla
893 1967 948 2030 lux
974 1967 1044 2030 huic
1072 1969 1116 2030 rei
1144 1968 1319 2046 affunditur,
1347 1975 1452 2050 utpote
1479 1968 1642 2050 inquibus
1668 1987 1734 2030 uon
1762 1968 1857 2048 magis
1884 1968 2057 2049 expeditu
2087 1967 2136 2048 sit,
2157 1987 2216 2052 qno

618 2093 712 2156 modo
733 2090 897 2156 substantia
918 2091 1061 2171 organica
1074 2091 1261 2154 ulceratione
1283 2091 1462 2154 dealmatur.
1508 2095 1697 2173 Quamquam
1714 2090 1794 2154 euim
1805 2090 1893 2154 iaoile
1904 2091 2087 2174 intelligitur,
2109 2089 2217 2154 sialie·

617 2223 689 2278 nata
715 2217 754 2278 sit
781 2215 842 2276 vita
869 2215 1047 2294 vegetative,
1076 2215 1164 2276 edam
1195 2233 1273 2295 quae
1300 2233 1339 2275 ex
1371 2234 1408 2276 ea
1437 2214 1671 2294 proficiscamtur
1685 2233 1715 2274 a
1736 2232 1844 2278 norma
1865 2214 2020 2293 abemare,
2048 2215 2216 2297 malumque

618 2359 677 2419 pus
699 2357 737 2400 ex
758 2336 911 2400 ulceribus
932 2335 1064 2412 sommi,
1095 2342 1185 2418 atque
1204 2336 1429 2415 granulatioues
1458 2336 1523 2398 siva
1544 2335 1645 2398 nullas
1666 2336 1730 2400 aive
1751 2336 1847 2400 malas
1868 2338 1965 2419 gigni,
1991 2345 2025 2402 ut
2045 2356 2129 2402 nova
2148 2337 2214 2400 snb-

619 2461 746 2535 stantia,
773 2457 1025 2541 quemadmodum
1054 2458 1087 2520 ia
1115 2458 1334 2539 snppmaeionc
1362 2464 1541 2539 perpetuum
1570 2465 1628 2533 est,
1657 2459 1758 2538 effingi
1786 2467 1931 2544 nequeat,
1958 2493 2001 2510 -
2029 2461 2092 2524 boo
2112 2467 2214 2536 tamem

621 2599 751 2665 quanam
773 2581 890 2644 udone
912 2580 972 2644 tela
993 2580 1144 2660 organica,
1164 2587 1268 2662 apmte
1290 2599 1329 2642 ex
1350 2580 1448 2644 nomia
1470 2581 1558 2663 quasi
1578 2582 1743 2663 aufugiens,
1766 2583 1950 2648 &solvatur
1970 2590 2060 2670 atque
2083 2584 2213 2648 destrua-

621 2712 677 2781 tur,
699 2724 826 2786 prorsus
847 2724 907 2767 nos
928 2704 1045 2804 nescire
1067 2703 1220 2766 reundum
1240 2711 1298 2766 est.

779 2827 968 2892 vetustiores
989 2825 1153 2907 scriptores
1181 2827 1272 2907 haajua
1301 2827 1344 2890 rei
1372 2847 1495 2892 oausam
1523 2829 1555 2892 iu
1585 2829 1742 2892 corrosiva
1769 2829 1897 2891 maxima
1923 2830 2010 2910 puris
2036 2829 2215 2904 conditione,

620 2970 679 3034 qua
706 2958 821 3032 pedm,
851 2950 1029 3034 quibuscum
1057 2949 1133 3012 illud
1159 2951 1327 3032 confingat,
1357 2951 1574 3027 dissolvanmr,
1592 2929 1829 3034 'quaesiveram
1865 2952 2009 3036 indeque,
2042 2971 2121 3034 pure
2149 2973 2216 3016 ossa

620 3073 775 3154 paullatim
803 3073 926 3136 conodi
956 3080 986 3135 et
1015 3072 1127 3136 cariem
1149 3073 1277 3152 produci
1299 3071 1494 3150 arbitrantes,
1523 3093 1580 3154 pars
1603 3073 1634 3134 in
1657 3074 1772 3138 «assium
1794 3075 1945 3138 vicinitate
1967 3083 2145 3157 congestam
2166 3077 2216 3138 ad-

620 3195 744 3258 modum
771 3195 1031 3275 pertimescebant.
1082 3197 1296 3258 Receutiorum
1326 3215 1400 3258 vero
1429 3195 1686 3277 disquisitionibus
1714 3196 1952 3261 demonstratum
1980 3205 2043 3276 ast,
2068 3207 2104 3262 ut
2124 3200 2217 3282 pluri-

620 3337 704 3378 mum
726 3317 837 3380 cariem
858 3337 921 3380 non
943 3337 981 3382 ex
1003 3337 1079 3399 pure
1101 3325 1246 3397 congesto
1269 3318 1350 3394 oriri,
1372 3319 1426 3380 sed
1450 3339 1468 3380 e
1491 3319 1642 3382 contrario
1666 3320 1725 3382 hoo
1746 3339 1785 3382 ex
1806 3321 1887 3382 carie
1908 3319 2029 3384 demam
2049 3323 2218 3403 protectum

621 3455 701 3514 asse,
729 3439 853 3520 verique
882 3439 979 3502 simile
1006 3441 1131 3530 lacuum,
1161 3441 1186 3502 si
1215 3439 1302 3502 ulem
1325 3440 1448 3521 aliquod
1470 3441 1560 3504 uuus
1582 3461 1708 3522 serpeus
1731 3443 1906 3524 apartibus
1928 3444 2071 3508 nouom
2094 3446 2126 3510 in
2149 3465 2218 3510 ossa

510 3541 517 3552 ’
619 3568 766 3638 trauseat,
793 3533 859 3625 hoo‘
882 3579 948 3626 non
968 3561 1000 3624 in
1022 3561 1178 3625 corrosiva
1199 3561 1284 3642 puris
1307 3562 1494 3638 conditione,
1523 3563 1578 3626 sed
1600 3563 1630 3624 in
1652 3583 1691 3626 eo
1714 3565 1846 3646 positum
1866 3585 1951 3642 esse,
1980 3567 2065 3650 quod
2086 3569 2217 3644 modus,

620 3706 657 3750 ea
680 3707 742 3769 quo
763 3685 893 3768 primum
914 3684 1063 3748 ulceratio
1084 3690 1187 3749 ortum
1206 3685 1310 3762 traxit,
1341 3683 1430 3748 latins
1453 3703 1521 3748 sese
1543 3687 1718 3750 extenderit.
1763 3688 1808 3754 lta
1829 3708 1887 3769 pus
1909 3709 1949 3752 ex
1970 3689 2073 3754 ulcere
2095 3691 2218 3775 syphili-

617 3813 848 3876 ticosacmtum
869 3809 1025 3874 inlocum
1047 3808 1178 3891 Quem
1198 3807 1370 3873 sensibilem
1392 3808 1441 3872 vel
1464 3809 1497 3872 in
1517 3809 1628 3874 vulnus
1651 3810 1827 3874 translatum
1846 3811 1977 3874 altemm
1999 3812 2088 3878 rdoas
2112 3815 2215 3896 syphi-

619 3933 733 3993 litioum
759 3932 869 4010 giguit,
897 3951 961 3994 uon
989 3931 1072 4012 quod
1100 3951 1169 3994 acre
1191 3933 1229 3994 eit
1251 3931 1300 3994 vel
1322 3933 1530 4012 corrosivum,
1550 3933 1606 3996 sad
1629 3933 1864 4014 quiasiugnlari
1886 3936 2018 4018 quodam
2039 3938 2107 4002 viro
2130 3957 2218 4020 prae-

621 4071 716 4131 gnans
738 4058 798 4128 est,
821 4052 920 4134 quod,
943 4071 1004 4134 quo
1027 4052 1134 4114 inorbo
1157 4054 1289 4132 garrituum
1311 4061 1371 4130 est,
1395 4055 1524 4116 eundem
1546 4055 1644 4136 ipsum
1667 4075 1828 4136 procreare
1850 4058 1942 4122 valen
1984 4059 2026 4122 Aa
2048 4079 2122 4124 vero
2144 4081 2219 4144 qua·

620 4175 727 4242 lionam
755 4183 801 4238 est
829 4175 877 4238 hio
896 4174 1037 4251 morbus,
1064 4172 1261 4240 substantiam
1283 4177 1456 4255 organicam
1479 4177 1654 4242 dasbueus?
1684 4179 1804 4260 Duplex
1827 4180 1952 4243 offertur
1975 4182 2148 4263 explicandi
2169 4205 2218 4248 ra·

621 4297 672 4358 tio.
725 4295 787 4360 Aut
813 4299 1033 4378 rasorptiouem
1061 4304 1179 4402 auctam
1201 4315 1268 4362 essa
1296 4299 1461 4380 pumndum
1483 4309 1542 4376 est,
1571 4302 1700 4386 indeque
1722 4302 1885 4382 partimalas
1914 4304 2074 4384 orgnucas
2103 4308 2217 4372 ulceris

621 4411 809 4499 supe'rlioiem
837 4421 1053 4484 coustitamotas
1080 4421 1277 4503 proximaque
1305 4422 1479 4502 appositas,
1508 4423 1663 4505 paidlatim
1692 4423 1825 4502 solutas,
1853 4425 1886 4488 in
1912 4427 2086 4508 sauguinem
2110 4431 2219 4512 recipi;

621 4563 711 4625 qnam
739 4539 916 4604 sententiam
936 4543 965 4604 J.
992 4545 1139 4608 llnnter
1160 4542 1213 4621 (2)
1244 4545 1446 4627 comprobare
1467 4553 1593 4610 oooams
1616 4553 1674 4620 est;
1697 4553 1749 4610 aut
1770 4547 1932 4627 particulas
1955 4549 2065 4614 ulceris
2086 4555 2215 4634 superfi-

781 4837 823 4910 (l)
843 4843 964 4908 lloyer,
981 4841 1048 4894 altr.
1067 4841 1188 4898 Krukb.
1207 4852 1268 4894 tona.
1287 4847 1338 4904 111.
1356 4862 1383 4910 p.
1401 4847 1464 4900 411.

777 4929 819 4986 (2)
838 4931 983 4994 lluntar,
1001 4931 1022 4986 l.
1040 4945 1064 4987 e.
1085 4938 1147 4982 ton.
1166 4932 1200 4982 ll.
1218 4941 1283 4986 sect.
1301 4933 1328 4990 2.
1346 4951 1372 4998 p.
1391 4932 1454 4992 loe,
